1640 2650
126 723 200 759 [ajb]
222 715 495 764 Magnificis
526 727 576 752 ac
609 713 984 764 sapientissimis
1016 712 1150 759 viris,
1183 711 1387 749 dominis

187 786 482 833 consulibus,
500 785 822 835 praetoribus,
844 783 1099 834 praefectis
1121 783 1305 821 aerario
1324 786 1408 820 etc.

187 858 371 908 totique
403 857 590 895 senatui
622 856 818 894 inclitae
849 855 1065 893 civitatis
1097 854 1408 903 Noribergae,

429 928 632 966 dominis
666 927 765 965 suis
797 926 1168 971 colendissimis,

146 1009 164 1035 5
482 999 652 1037 Helius
684 999 902 1036 Eobanus
934 998 1115 1035 Hessus

744 1070 780 1108 S.
813 1070 858 1107 D.

287 1166 405 1204 Vrbis
461 1166 696 1214 Noribergae
750 1165 1071 1214 descriptionem,
1131 1163 1411 1213 sapientissimi

190 1230 330 1276 patres,
369 1237 444 1263 non
475 1226 583 1262 illam
615 1225 772 1274 quidem
804 1224 948 1269 ordine,
989 1224 1057 1261 sed
1088 1235 1157 1272 per
1189 1226 1329 1272 parteS,
1369 1226 1412 1260 ut

190 1297 366 1334 quaeque
407 1297 450 1322 se
487 1285 674 1322 offerebat
715 1284 1001 1334 (intellegebam
1035 1283 1138 1320 enim
1170 1294 1307 1332 poema
1338 1294 1412 1328 me,

131 1352 166 1379 10
191 1356 267 1381 non
289 1344 491 1382 historiam
512 1344 743 1391 contexere),
777 1343 1039 1392 compositam,
1060 1342 1124 1379 0111
1147 1341 1276 1391 potius
1296 1353 1413 1391 quam

190 1407 320 1441 vestro
358 1403 601 1441 ornatissimo
640 1402 781 1449 ordini,
820 1402 860 1439 in
898 1402 1010 1439 cuius
1049 1401 1217 1438 maxime
1249 1400 1413 1449 gratiam

192 1463 442 1510 scribebatur,
475 1474 740 1511 nuncuparem
772 1461 1071 1510 dedicaremque
1092 1473 1168 1498 non
1188 1459 1310 1506 video,
1343 1471 1413 1497 nec

191 1526 276 1559 tum
307 1522 533 1559 occurrebat
564 1521 642 1559 ulla
669 1521 746 1558 alia
766 1520 873 1567 ratio,
907 1533 982 1569 qua
1004 1524 1043 1557 et
1062 1520 1214 1557 felicius
1234 1519 1415 1557 ederetur

192 1580 290 1618 liber
320 1587 359 1618 et
389 1580 516 1618 editus
554 1580 741 1617 maiorem
778 1579 967 1617 inveniret
999 1579 1172 1616 omnium
1212 1578 1413 1615 hominum

134 1647 168 1673 15
193 1640 374 1687 favorem,
407 1652 522 1689 quam
556 1639 589 1677 si
614 1639 735 1677 vestri
767 1638 971 1676 clarissimi
1003 1638 1170 1675 nominis
1202 1637 1413 1687 patrocinio

194 1699 303 1736 velut
321 1698 491 1736 Palladis
521 1699 658 1747 aegide
690 1702 861 1735 armatus
893 1710 937 1735 ac
969 1697 1175 1735 decoratus
1207 1697 1356 1734 exisset
1375 1696 1413 1733 in

194 1757 333 1795 lucem.
394 1758 477 1795 Nec
509 1757 613 1795 enim
651 1757 888 1804 dubitabam,
928 1756 1038 1806 quin,
1077 1757 1110 1794 si
1141 1768 1227 1793 meo
1259 1756 1414 1793 nomine

194 1817 506 1866 periclitaturum
546 1820 652 1854 esset
688 1829 825 1866 poema
854 1816 955 1853 intra
987 1820 1149 1863 vestros,
1187 1819 1231 1852 ut
1262 1815 1414 1860 dicitur,

195 1875 362 1925 parietes
393 1879 562 1923 enatum,
594 1879 747 1913 vestrae
774 1879 905 1913 tamen
925 1874 1191 1924 amplitudinis
1211 1878 1249 1912 et
1268 1874 1415 1922 gloriae

133 1942 170 1969 20
194 1939 375 1984 respectu
415 1935 544 1984 aliquo
589 1938 695 1972 certe
733 1934 909 1984 populari
946 1934 1137 1984 applausu
1176 1933 1416 1982 acciperetur

195 1998 235 2032 et
265 1994 455 2044 quidquid
486 2006 662 2031 mearum
681 1993 821 2031 virium
842 1993 1108 2031 imbecillitate
1129 1993 1344 2039 decederet,
1376 1992 1416 2029 id

196 2056 349 2091 vestrae
369 2053 607 2091 auctoritatis
627 2053 894 2102 magnitudine
915 2053 1047 2090 libello
1068 2052 1143 2101 ipsi
1163 2055 1414 2090 astrueretur.

196 2112 269 2150 His
312 2112 360 2150 de
401 2112 529 2150 causis
573 2113 671 2150 bona
715 2124 784 2162 spe
826 2112 1018 2149 animatus
1062 2110 1242 2149 libellum
1286 2111 1416 2160 ipsum

196 2172 453 2221 typographis
485 2171 584 2219 dedi,
615 2175 659 2208 ut
690 2171 952 2209 excuderetur
982 2182 1231 2220 excususque
1256 2182 1333 2207 non
1353 2169 1417 2207 hic

136 2238 172 2264 25
197 2234 349 2268 tantum
367 2231 573 2279 legeretur.
614 2230 664 2267 Et
678 2242 912 2280 quamquam
933 2230 974 2267 in
986 2234 1160 2279 tempora
1173 2228 1417 2279 iniquissima

197 2289 382 2327 incidisse
413 2302 475 2327 me
507 2289 695 2336 videbam,
727 2289 768 2327 in
788 2289 929 2339 quibus
949 2301 1021 2327 nec
1042 2288 1180 2326 studiis
1199 2288 1416 2326 litterarum

199 2348 292 2386 satis
329 2348 472 2398 dignus
509 2349 613 2386 ullus
646 2349 832 2386 habeatur
861 2349 983 2386 honor
1023 2360 1095 2386 nec
1128 2347 1418 2385 scribendorum

1165 2415 1204 2448 1*
