1640 2650
1412 190 1434 226 [Ο

1442 191 1463 226 O!

601 202 787 237 EOBANVS,
818 202 1052 227 XORIBERGA.

245 321 395 359 Inluvie
426 321 540 359 foeda
570 324 610 358 et
641 321 774 358 vitiato
807 321 967 358 humore
1000 320 1170 360 lacunae,

171 389 226 416 4ῖὸ
246 380 402 429 Frigida
433 393 504 418 nec
534 384 679 417 taetras
711 380 895 417 exhalant
927 392 1016 417 rura
1050 379 1253 428 mephites,

247 439 344 478 Cum
376 452 503 489 neque
536 439 741 488 sulpureae
775 440 937 477 subeant
968 451 1037 488 per
1069 451 1237 475 concava
1270 449 1389 475 venae

245 500 368 536 Antra
399 499 615 536 salebrosas
649 499 782 536 subter
814 498 1029 548 squalentia
1061 510 1191 546 rupes,

246 558 323 596 Sed
356 558 477 596 sterili
509 558 616 606 regio
648 562 727 596 tota
759 558 971 595 obducatur
1002 558 1147 594 harena

245 617 295 655 Et
327 618 465 655 subtus
498 617 572 654 nisi
605 629 698 654 saxa
729 617 820 665 iugo
852 621 1033 654 concreta
1064 616 1224 665 perenni

171 685 226 711 480
246 676 437 714 Dulcibus
468 677 724 714 adfoveantur
755 676 867 725 aquis
899 688 943 713 ac
975 680 1053 713 tota
1084 676 1231 724 rigetur

247 735 323 774 Ora
353 736 617 785 probabilibus
650 740 820 785 potuque
854 735 1073 773 salubribus
1107 734 1232 772 undis.

246 794 334 832 Non
367 795 519 841 mirum7
553 795 586 832 si
617 795 750 832 nullus
782 795 828 832 ab
862 795 922 831 his
954 806 1073 843 vapor
1104 798 1186 831 ater
1216 793 1265 831 ad
1297 805 1410 831 auras

245 854 415 891 Exhalet
445 854 616 900 latebris,
649 854 716 903 qui
748 854 925 891 tristibus
957 857 1047 891 a'era
1077 853 1195 891 fumis

246 913 399 951 Inficiat
430 913 614 962 virusque
648 925 790 951 nocens
822 913 862 950 in
895 925 1055 962 corpora
1088 916 1256 961 spargat.

173 981 227 1006 485
247 972 371 1016 Adde,
405 985 521 1022 quani
553 973 712 1010 hiberno
745 973 860 1022 plaga
890 972 1032 1009 Norica
1064 972 1206 1020 frigore
1239 983 1439 1021 nunquam

248 1031 409 1081 Torpuit
440 1036 527 1069 usta
558 1032 674 1069 nimis
706 1044 777 1069 nec
809 1031 954 1081 iniquis
987 1031 1133 1068 solibus
1165 1031 1261 1068 arsit

248 1090 451 1140 Temporis
482 1091 618 1128 aestivi
650 1091 824 1137 nimium7
858 1091 925 1128 sed
958 1094 1121 1139 utraque
1153 1090 1328 1127 vicissim

247 1149 450 1199 Temperie
482 1150 657 1199 gaudens
688 1162 773 1187 raro
805 1150 906 1187 mala
937 1154 1112 1198 tempora
1145 1150 1267 1187 sensit

174 1216 258 1251 [dija]
292 1209 460 1258 Corpora
491 1210 578 1247 tabe
611 1221 681 1247 sua
712 1209 926 1257 grassantis
960 1209 998 1246 111
1031 1208 1158 1246 onmia
1190 1209 1323 1257 pestis.

171 1276 227 1302 490
247 1268 350 1306 Hinc
389 1268 506 1306 etiam
537 1269 647 1317 w'gor
678 1269 745 1306 ille
777 1269 1011 1306 animorum.
1051 1268 1141 1305 hinc
1175 1268 1304 1305 vivida
1341 1268 1469 1316 gentis

246 1327 406 1376 Ingenia
436 1328 645 1371 exsultant,
678 1328 832 1377 quando
865 1328 963 1365 solet
993 1327 1094 1364 aeris
1126 1327 1231 1364 idem

248 1385 324 1434 Qui
354 1387 428 1424 fuit
459 1399 547 1424 esse
578 1387 719 1424 animis
752 1387 919 1433 habitus,
953 1387 1107 1436 quando
1138 1387 1229 1424 inde
1261 1387 1469 1424 trahuntur

246 1445 438 1493 Virtutes,
471 1446 577 1493 vitia,
610 1451 740 1496 pestes
772 1458 981 1495 rerumque
1014 1447 1171 1495 figurae.

249 1504 322 1551 Qui
353 1505 443 1554 quia
476 1504 659 1543 Germani
690 1505 882 1543 latissima
913 1517 1032 1553 regna
1063 1517 1133 1554 per
1164 1505 1267 1542 orbis

173 1572 228 1598 495
248 1564 388 1601 Purior
418 1568 476 1602 est
508 1565 606 1602 nulli
637 1565 815 1614 nullique
846 1564 1052 1613 benignior
1084 1564 1182 1607 urbi,

248 1622 336 1660 Non
367 1623 458 1661 alibi
490 1624 648 1661 meliora
680 1624 813 1672 vigent
844 1624 884 1661 in
915 1624 1032 1661 rebus
1063 1623 1225 1671 agendis

248 1682 411 1731 Ingenia
442 1687 508 1720 aut
538 1683 655 1720 animi
687 1683 812 1731 magis
844 1682 964 1719 ardua
995 1683 1096 1720 facta
1129 1686 1347 1731 sequentes.

249 1741 419 1790 Corpora
451 1742 544 1791 quin
576 1742 692 1779 etiam
725 1742 847 1779 multo
880 1742 1038 1779 robusta
1068 1741 1189 1779 labori

249 1800 468 1848 Sufficiunt,
501 1804 541 1839 et
571 1801 731 1838 militiae
764 1801 856 1839 satis
888 1805 979 1850 apta
1008 1801 1202 1838 iuventus.

529 1954 659 1992 Silva
690 1955 796 1992 urbi
828 1954 1129 1992 circumfusa.

174 2045 230 2071 500
309 2037 456 2075 Circuit
486 2037 672 2075 inclusam
708 2037 882 2087 pulchris
913 2038 1159 2087 amplexibus
1192 2038 1325 2075 urbem

250 2095 355 2134 Silva
386 2101 525 2146 patens
557 2109 716 2146 passum
748 2101 808 2134 ter
838 2097 944 2135 milia
975 2097 1147 2146 quinque
1179 2109 1337 2135 recessu

249 2155 437 2194 Interiore
470 2156 530 2194 sui
562 2157 624 2193 vel
655 2156 771 2205 paulo
804 2156 915 2205 plura
946 2168 1017 2194 nec
1047 2156 1117 2193 ulli

250 2214 470 2263 Hercyniae
502 2227 703 2252 nemorum
736 2215 890 2261 cedens,
925 2215 957 2252 si
988 2215 1190 2253 commoda
1222 2218 1374 2264 spectes

250 2273 330 2312 Aut
361 2274 478 2312 etiam
510 2287 609 2324 quae
642 2274 829 2312 silvarum
862 2275 959 2312 solet
990 2286 1076 2312 esse
1108 2274 1289 2323 voluptas

175 2340 230 2366 505
250 2332 304 2370 Te
334 2333 443 2371 iuvet
473 2337 588 2383 atque
619 2333 735 2370 animi
766 2337 918 2371 tantum
950 2334 1206 2371 oblectamina
1234 2345 1408 2383 quaeras.
