1640 2650
517 223 527 234 0
563 213 817 247 ENGENTIN&'S‚
849 212 1096 238 FRIBVRGICA.
1415 199 1468 238 69

311 331 465 381 Curque
496 331 535 368 id
568 331 745 368 candenti
777 330 925 368 lumine
956 331 1138 367 Phoebus
1169 335 1259 378 agat

181 399 254 433 [rDu]
286 391 335 428 Et
366 403 486 440 quare
518 402 661 428 oceano
692 390 809 427 tellus
841 402 1065 438 compressa
1096 390 1243 438 patenti

309 450 438 487 Instar
468 450 607 487 librato
638 449 811 498 pondere
843 450 922 486 fixa
953 448 1057 497 globi

249 508 427 558 Nataque
459 508 601 546 diffuso
632 509 807 557 pandunt
838 508 1047 545 animantia
1079 508 1223 545 mundo

177 578 229 602 330
307 567 477 606 Naturae
508 568 637 605 arcani
669 569 781 605 turba
814 568 984 605 verenda
1015 567 1147 604 duces.

250 627 348 665 Sunt
379 627 446 677 qui
479 628 730 676 sphaerarum
762 632 892 664 motus
924 631 963 664 et
995 627 1122 664 sidera
1154 626 1307 675 signent

308 686 358 724 Et
390 698 551 735 superas
582 687 687 724 caelo
718 686 942 724 candidiore
978 686 1124 735 plagas,

251 745 355 792 Quos
386 746 492 783 fovet
524 745 668 783 Vrania
699 758 882 794 praesens
915 746 1141 794 passimque
1173 745 1367 782 ministrat

310 805 460 843 Siderei
492 805 625 842 stellas
658 817 818 842 noscere
851 817 1027 854 quasque
1059 804 1150 854 poli.

177 873 229 898 :335
249 864 472 913 Explanant
502 864 657 910 tabulis,
690 876 790 913 quae
821 865 994 901 continet
1025 864 1111 912 ipsa
1142 864 1339 904 mathesis,

309 923 363 960 Vt
393 924 546 972 possint
577 923 754 961 Siculum
786 924 849 960 vel
882 935 1066 972 superare
1099 935 1241 960 senem.

250 981 444 1031 Quidpote
476 982 536 1020 vis
567 983 696 1020 ultra?
741 983 942 1020 Cantantis
975 983 1072 1019 forte
1104 986 1240 1031 poetae

309 1041 355 1079 In
387 1054 592 1079 numerum
625 1042 715 1091 poni
748 1042 881 1079 laurea
913 1046 1016 1079 serta
1048 1041 1170 1090 cupis,

249 1101 415 1149 Pinguia
445 1101 630 1138 florentes
663 1105 702 1139 et
734 1102 875 1138 habent
908 1101 1100 1150 stipendia
1132 1101 1277 1147 Musae,

177 1170 230 1194 3411
308 1160 390 1198 Has
421 1160 565 1198 etenim
598 1161 713 1198 sedes
745 1161 885 1198 dexter
916 1160 1056 1209 Apollo
1093 1160 1195 1197 colit.

249 1218 348 1266 Quid
379 1220 506 1257 fontes
542 1220 641 1257 sacri
674 1232 886 1267 nemorum,
919 1220 1013 1269 quid
1045 1219 1206 1256 flumina
1237 1219 1382 1268 quidve

309 1278 381 1316 Tot
412 1278 557 1316 virides
590 1279 702 1325 horti⁷
734 1291 881 1328 pascua
912 1283 1045 1328 totque
1077 1278 1162 1325 loci,

249 1337 290 1375 Si
329 1350 402 1375 non
444 1337 632 1386 Pierides,
670 1351 899 1387 magnorum
941 1338 1100 1375 numina
1140 1341 1283 1379 vatum,

307 1396 382 1434 Hic
412 1401 575 1446 agerent
606 1398 749 1446 pariles
782 1403 886 1436 sorte
918 1398 1071 1435 favente
1104 1397 1266 1434 choros?

176 1465 228 1490 345)
249 1455 290 1494 Si
333 1456 501 1505 placeat,
546 1457 673 1494 subito
711 1458 863 1494 turbam
904 1457 1060 1506 depelle
1098 1468 1307 1493 novenam:

309 1516 503 1553 Arescunt
534 1516 670 1562 fontes⁷
702 1516 874 1563 flumina,
908 1521 1055 1565 stagna,
1088 1516 1214 1564 lacus;

251 1573 351 1621 Quin
383 1574 499 1612 etiam
530 1575 688 1612 frondes
719 1575 942 1625 agitataque
974 1577 1110 1613 robora
1142 1579 1256 1612 vento

309 1632 482 1683 Totaque
514 1634 703 1683 quidquid
734 1635 804 1672 alit
834 1635 963 1672 fertile
996 1635 1094 1672 silva
1125 1634 1239 1671 cadit.

179 1700 252 1734 [0212]
290 1692 372 1730 Has
403 1692 582 1741 Dryades
615 1693 832 1743 florumque
863 1694 958 1731 deae
990 1698 1227 1732 venerantur
1258 1693 1413 1739 honore,

176 1760 229 1785 350
307 1751 477 1789 Naiades
509 1752 579 1789 has
611 1753 755 1801 passim
788 1752 1055 1803 Nereidesque
1086 1753 1229 1799 colunt‚

249 1810 381 1860 thue
413 1823 485 1859 ego
518 1811 732 1860 Apollineis
764 1812 907 1849 fidibus
938 1812 1165 1861 plectroque
1198 1812 1349 1849 sonanti

308 1869 417 1907 Haec
448 1882 638 1917 canerem,
670 1876 842 1909 astantes
875 1872 1086 1910 exhibuere
1116 1872 1253 1920 lyram.

249 1928 298 1967 Et
328 1929 463 1972 0001111,
495 1941 621 1979 neque
654 1930 757 1967 enim
790 1931 936 1980 placuit
968 1931 1186 1968 subducere
1217 1931 1395 1977 frontem,

309 1987 568 2037 Suscepitque
600 1993 723 2026 ratem
754 1990 904 2038 plenior
935 2003 1027 2028 aura
1057 2002 1196 2027 meam.

177 2055 228 2081 35³3
248 2048 476 2096 Aequoreos
507 2059 579 2085 nec
610 2048 739 2085 adhuc
771 2048 1013 2087 sulcantibus
1044 2061 1185 2087 ancora
1216 2049 1360 2085 fluctus

307 2106 474 2155 Figitur:
506 2106 545 2143 in
578 2111 733 2156 portum
764 2108 848 2145 vela
881 2109 1051 2146 secunda
1082 2109 1244 2146 vehant!

249 2164 478 2214 Spectantes
522 2165 672 2214 Elycen
717 2170 757 2204 et
799 2167 927 2204 lucida
976 2168 1102 2205 sidera
1142 2167 1277 2204 mundi

307 2223 446 2262 Tutius
477 2224 638 2262 adsueta
670 2230 773 2263 sorte
805 2227 990 2264 vehemur
1020 2227 1142 2276 aquis.

249 2283 333 2321 Stat
363 2283 503 2321 domus
534 2284 634 2321 intra
665 2285 799 2322 urbem
833 2286 1064 2323 sublimibus
1095 2286 1173 2323 alta
1204 2285 1406 2332 columnis,

177 2349 229 2375 3⁶1⁵
309 2341 431 2389 Quam
463 2342 526 2380 vel
559 2343 774 2393 suspiceret
804 2344 1001 2382 Daedalus
1033 2345 1116 2394 ipse
1147 2345 1263 2382 faber.
