1640 2650
617 203 806 238 EossAst,
836 203 1070 228 NORIBERGA.
1219 221 1222 224 .
1430 189 1455 226 4
1463 189 1485 226 9

173 332 242 358 1220
268 324 342 361 Vel
372 324 487 373 plura
516 322 691 360 invenies
724 322 786 359 vel
816 321 1002 358 nobiliora
1033 320 1176 369 pararig

267 382 345 420 Seu
376 387 414 420 te
444 381 630 419 flexibilis
660 380 818 418 liventia
850 380 1021 429 pondera
1053 379 1178 416 stanni

267 442 345 480 Seu
377 453 514 479 sonora
544 441 679 478 iuvant
709 439 757 477 de
787 440 888 477 flavo
919 439 1020 476 facta
1052 438 1255 485 orichalco⁷

267 500 488 538 Grandjbus
519 500 583 537 hic
614 499 824 549 liquefacta
854 499 982 535 fluunt
1012 497 1082 535 tibi
1114 501 1253 535 cuncta
1285 497 1445 535 caminis

266 559 313 597 In
344 571 573 609 massasque
604 559 747 596 abeunt
777 558 967 606 ingentes.
1018 556 1114 594 Inde
1146 557 1309 594 rebelles

174 627 242 654 1225
267 619 484 656 Informant
513 618 630 655 variis
662 618 827 667 imposta
857 617 1064 654 incudibus
1095 616 1197 653 ictus

268 677 344 716 Ter
374 682 532 716 centum
564 677 603 714 in
635 677 802 726 species3
836 677 980 714 circum
1013 676 1143 723 fragor
1163 675 1311 712 intonat
1338 675 1487 724 ingens,

267 737 356 774 Non
388 749 501 775 secus
532 749 578 774 ac
608 736 729 773 vastis
762 736 915 774 Siculae
948 735 1018 772 sub
1050 734 1218 772 molibus
1250 736 1398 772 Aetnae

268 796 458 834 Fulminei
491 796 683 845 Cyclopes
715 795 754 832 in
786 807 876 832 aera
908 794 1080 832 sonantia
1111 795 1265 832 crebros

267 855 514 904 Ingeminant
545 855 647 892 ictus
679 854 922 904 repetitaque
954 854 1113 891 verbera
1144 853 1328 891 miscent:

175 922 244 949 1230
268 915 366 952 Lata
397 918 536 952 sonant
567 914 688 951 maria
720 918 759 951 et
790 914 940 951 vicinae
973 912 1139 950 Doridos
1171 913 1309 950 undae.

611 1020 766 1058 Verda
798 1019 1084 1057 suburbium.

268 1092 480 1142 Postquam
511 1092 689 1130 laudatae
723 1091 924 1129 scribendo
957 1091 1202 1128 excessimus
1234 1091 1340 1127 urbis

269 1151 474 1189 Moenibus
504 1155 544 1189 01
574 1151 737 1188 fluvium
768 1151 878 1187 iuxta
910 1150 1123 1199 spatiamur
1153 1162 1369 1196 amoenum,

269 1210 464 1248 Admonet
494 1210 578 1260 ipse
609 1211 731 1257 locus7
764 1222 811 1247 ne
844 1222 932 1247 cum
965 1213 1022 1246 tot
1053 1209 1222 1246 carmine
1254 1209 1294 1246 in
1324 1209 1400 1246 isto

269 1269 498 1307 Dixerimus
528 1273 659 1319 partes
692 1269 808 1314 urbis7
842 1269 980 1306 decora
1010 1268 1153 1315 inclita,
1186 1268 1331 1315 laudes,

177 1336 245 1363 1235
269 1329 439 1367 Delicias
470 1341 613 1366 vernae
643 1329 840 1377 fugiamus
871 1328 1003 1365 dicere
1036 1327 1200 1365 Verdae.

330 1388 516 1426 Passibus
547 1389 642 1425 haec
673 1388 829 1425 domina
861 1387 1085 1436 quingentis
1117 1387 1235 1424 distat
1266 1387 1313 1424 ab
1345 1387 1452 1433 urbe7

271 1446 355 1494 Qua
385 1448 491 1485 videt
522 1447 655 1485 exorti
681 1447 875 1484 venientia
905 1446 1051 1483 lumina
1083 1446 1186 1483 solis.

270 1506 396 1544 Dulce
429 1506 639 1544 suburbani
670 1506 772 1543 ruris
804 1506 923 1543 decus
954 1510 1070 1554 atque
1103 1505 1293 1554 voluptas,

271 1565 483 1615 Praecipue
515 1578 604 1603 cum
636 1565 747 1602 floret
778 1577 881 1613 ager,
914 1577 1004 1602 cum
1036 1565 1229 1612 germinat
1259 1565 1381 1611 arbor,

178 1632 247 1658 1240
260 1631 332 1666 [hib]
343 1624 440 1662 Cum
454 1625 557 1662 levat
570 1625 705 1661 umbra
717 1636 853 1673 graves
867 1629 1008 1670 aestus,
1024 1636 1112 1660 cum
1127 1628 1261 1672 gratus
1275 1624 1323 1660 ad
1337 1635 1489 1661 amnem

271 1683 344 1721 Est
373 1684 482 1721 locus
513 1683 552 1720 in
584 1683 692 1721 molli
723 1683 834 1721 nobis
868 1683 1123 1732 spatiantibus
1156 1683 1283 1720 herba.

272 1742 380 1780 Tunc
410 1742 520 1780 locus
550 1743 616 1780 ille
649 1742 730 1780 suis
762 1755 883 1792 paene
914 1742 1000 1791 ipsa
1031 1742 1177 1790 gratior
1209 1742 1304 1779 urbe

272 1802 438 1839 Dotibus
469 1814 556 1839 esse
589 1801 696 1848 solet,
729 1802 921 1851 siquidem
954 1801 1052 1838 situs
1084 1801 1256 1850 undiqiie
1287 1805 1419 1850 aperta

271 1860 442 1898 Planicie
475 1873 628 1910 quoquo
659 1873 797 1898 versus
828 1861 895 1897 tibi
928 1861 1085 1909 praebet
1115 1872 1319 1898 amoenum

178 1930 246 1956 1245
273 1921 546 1969 Prospectum:
581 1932 648 1957 seu
681 1924 720 1957 te
752 1920 870 1957 libeat
901 1920 1106 1957 viridantia
1138 1923 1248 1968 prata

272 1979 421 2026 Visere‚
454 1983 563 2028 prata
593 1979 720 2017 iacent
750 1979 943 2028 liquidum
974 1979 1143 2016 iucunda
1175 1979 1246 2015 sub
1279 1990 1451 2027 amnem3

273 2038 349 2076 Seu
381 2043 420 2075 te
452 2038 636 2075 silvarum
667 2038 784 2075 facies
815 2038 997 2075 frondosa
1028 2038 1223 2075 virentum

272 2097 459 2144 oblectat,
491 2109 611 2147 prope
644 2102 736 2135 sunt
767 2097 886 2134 silvae
917 2097 1142 2146 circumque
1174 2096 1361 2134 renident.

271 2157 363 2206 Ipse
394 2157 496 2193 inter
527 2156 682 2194 saliceta
712 2156 876 2193 virentia
900 2156 1043 2193 labitur
1073 2156 1199 2193 amnis

180 2224 249 2250 1250
274 2216 369 2253 Tam
400 2215 576 2265 placidus
608 2228 725 2265 quam
757 2227 880 2264 purus
911 2227 1034 2264 aquae
1066 2215 1243 2264 lenisque
1276 2226 1447 2252 susurro.

272 2275 492 2312 Formosam
524 2275 629 2312 tenui
661 2274 865 2311 redimitus
896 2274 1111 2311 harundine
1142 2274 1327 2322 frontem3

274 2333 398 2381 Quem
430 2333 576 2371 circum
607 2338 742 2371 tenera
775 2333 919 2370 saltans
950 2333 1105 2370 lascivit
1135 2333 1174 2369 in
1207 2333 1325 2370 herba

285 2412 351 2438 Lat.
371 2412 652 2438 Litteraturdenkm.
676 2412 718 2438 12.
1254 2413 1276 2444 4
