<?xml version="1.0" encoding="UTF-8"?>
<!DOCTYPE html PUBLIC "-//W3C//DTD XHTML 1.0 Transitional//EN"
    "http://www.w3.org/TR/xhtml1/DTD/xhtml1-transitional.dtd">
<html xmlns="http://www.w3.org/1999/xhtml" xml:lang="en" lang="en">
 <head>
  <title>
</title>
<meta http-equiv="Content-Type" content="text/html;charset=utf-8" />
  <meta name='ocr-system' content='tesseract 3.04.00' />
  <meta name='ocr-capabilities' content='ocr_page ocr_carea ocr_par ocr_line ocrx_word'/>
</head>
<body>
  <div class='ocr_page' id='page_1' title='image "./noribergaillvstr00hessuoft_0093.png"; bbox 0 0 1640 2650; ppageno 0'>
   <div class='ocr_carea' id='block_1_1' title="bbox 593 180 1463 229">
    <p class='ocr_par' dir='ltr' id='par_1_1' title="bbox 593 180 1463 229">
     <span class='ocr_line' id='line_1_1' title="bbox 593 180 1463 229; baseline -0.003 -9"><span class='ocrx_word' id='word_1_1' title='bbox 593 195 781 229; x_wconf 65' lang='lat' dir='ltr'>EossAnvs,</span> <span class='ocrx_word' id='word_1_2' title='bbox 812 193 1047 219; x_wconf 71' lang='lat' dir='ltr'>NORmERGA.</span> <span class='ocrx_word' id='word_1_3' title='bbox 1410 180 1463 217; x_wconf 82' lang='lat'>33</span> 
     </span>
    </p>
   </div>
   <div class='ocr_carea' id='block_1_2' title="bbox 172 310 1474 2372">
    <p class='ocr_par' dir='ltr' id='par_1_2' title="bbox 172 310 1246 362">
     <span class='ocr_line' id='line_1_2' title="bbox 172 310 1246 362; baseline -0.006 -9"><span class='ocrx_word' id='word_1_4' title='bbox 172 324 226 350; x_wconf 64' lang='grc' dir='ltr'>ΤΗ)</span> <span class='ocrx_word' id='word_1_5' title='bbox 247 315 442 352; x_wconf 85' lang='lat' dir='ltr'>Messibus</span> <span class='ocrx_word' id='word_1_6' title='bbox 473 317 514 352; x_wconf 88' lang='lat' dir='ltr'>et</span> <span class='ocrx_word' id='word_1_7' title='bbox 544 313 643 350; x_wconf 86' lang='lat' dir='ltr'>flavo</span> <span class='ocrx_word' id='word_1_8' title='bbox 675 325 774 362; x_wconf 83' lang='lat' dir='ltr'>quae</span> <span class='ocrx_word' id='word_1_9' title='bbox 807 311 980 360; x_wconf 78' lang='lat' dir='ltr'>Gargara</span> <span class='ocrx_word' id='word_1_10' title='bbox 1011 311 1105 348; x_wconf 88' lang='lat' dir='ltr'>ditia</span> <span class='ocrx_word' id='word_1_11' title='bbox 1136 310 1246 348; x_wconf 90' lang='lat' dir='ltr'>cultu</span> 
     </span>
    </p>

    <p class='ocr_par' dir='ltr' id='par_1_3' title="bbox 246 371 1150 423">
     <span class='ocr_line' id='line_1_3' title="bbox 246 371 1150 423; baseline -0.004 -12"><span class='ocrx_word' id='word_1_12' title='bbox 246 374 296 412; x_wconf 85' lang='lat' dir='ltr'>Et</span> <span class='ocrx_word' id='word_1_13' title='bbox 327 385 426 423; x_wconf 88' lang='lat' dir='ltr'>quae</span> <span class='ocrx_word' id='word_1_14' title='bbox 458 373 648 410; x_wconf 82' lang='lat' dir='ltr'>mirentur</span> <span class='ocrx_word' id='word_1_15' title='bbox 678 372 826 419; x_wconf 81' lang='lat' dir='ltr'>Lybiae</span> <span class='ocrx_word' id='word_1_16' title='bbox 857 371 1020 408; x_wconf 75' lang='lat' dir='ltr'>cerealia</span> <span class='ocrx_word' id='word_1_17' title='bbox 1051 383 1150 416; x_wconf 79' lang='lat' dir='ltr'>rura,</span> 
     </span>
    </p>

    <p class='ocr_par' dir='ltr' id='par_1_4' title="bbox 246 429 1293 480">
     <span class='ocr_line' id='line_1_4' title="bbox 246 429 1293 480; baseline -0.005 -10"><span class='ocrx_word' id='word_1_18' title='bbox 246 433 395 470; x_wconf 89' lang='lat' dir='ltr'>Horrea</span> <span class='ocrx_word' id='word_1_19' title='bbox 425 431 629 469; x_wconf 82' lang='lat' dir='ltr'>frumentis</span> <span class='ocrx_word' id='word_1_20' title='bbox 661 431 898 480; x_wconf 85' lang='lat' dir='ltr'>plenissima.</span> <span class='ocrx_word' id='word_1_21' title='bbox 954 429 1132 467; x_wconf 79' lang='lat' dir='ltr'>Finxeris</span> <span class='ocrx_word' id='word_1_22' title='bbox 1163 432 1293 466; x_wconf 88' lang='lat' dir='ltr'>autem</span> 
     </span>
    </p>

    <p class='ocr_par' dir='ltr' id='par_1_5' title="bbox 246 488 1281 537">
     <span class='ocr_line' id='line_1_5' title="bbox 246 488 1281 537; baseline -0.005 -8"><span class='ocrx_word' id='word_1_23' title='bbox 246 491 346 529; x_wconf 83' lang='lat' dir='ltr'>Esse</span> <span class='ocrx_word' id='word_1_24' title='bbox 378 491 547 528; x_wconf 82' lang='lat' dir='ltr'>humiles</span> <span class='ocrx_word' id='word_1_25' title='bbox 579 492 742 528; x_wconf 81' lang='lat' dir='ltr'>fortasse</span> <span class='ocrx_word' id='word_1_26' title='bbox 774 502 901 530; x_wconf 85' lang='lat' dir='ltr'>casas:</span> <span class='ocrx_word' id='word_1_27' title='bbox 935 501 984 526; x_wconf 91' lang='lat' dir='ltr'>ne</span> <span class='ocrx_word' id='word_1_28' title='bbox 1016 488 1107 526; x_wconf 83' lang='lat' dir='ltr'>talia</span> <span class='ocrx_word' id='word_1_29' title='bbox 1139 489 1281 537; x_wconf 82' lang='lat' dir='ltr'>fingas:</span> 
     </span>
    </p>

    <p class='ocr_par' dir='ltr' id='par_1_6' title="bbox 246 547 1468 598">
     <span class='ocr_line' id='line_1_6' title="bbox 246 547 1468 598; baseline -0.005 -9"><span class='ocrx_word' id='word_1_30' title='bbox 246 551 396 589; x_wconf 82' lang='lat' dir='ltr'>Horrea</span> <span class='ocrx_word' id='word_1_31' title='bbox 427 555 518 588; x_wconf 81' lang='lat' dir='ltr'>sunt</span> <span class='ocrx_word' id='word_1_32' title='bbox 549 562 777 598; x_wconf 81' lang='lat' dir='ltr'>magnorum</span> <span class='ocrx_word' id='word_1_33' title='bbox 816 561 977 598; x_wconf 84' lang='lat' dir='ltr'>operum</span> <span class='ocrx_word' id='word_1_34' title='bbox 1014 552 1132 597; x_wconf 86' lang='lat' dir='ltr'>atque</span> <span class='ocrx_word' id='word_1_35' title='bbox 1163 547 1337 595; x_wconf 83' lang='lat' dir='ltr'>ingentia</span> <span class='ocrx_word' id='word_1_36' title='bbox 1368 550 1468 584; x_wconf 75' lang='lat' dir='ltr'>tecta</span> 
     </span>
    </p>

    <p class='ocr_par' dir='ltr' id='par_1_7' title="bbox 176 605 1468 777">
     <span class='ocr_line' id='line_1_7' title="bbox 176 605 1385 659; baseline -0.003 -12"><span class='ocrx_word' id='word_1_37' title='bbox 176 620 228 645; x_wconf 70' lang='lat'>715</span> <span class='ocrx_word' id='word_1_38' title='bbox 249 610 557 659; x_wconf 78' lang='lat' dir='ltr'>Magnificaeque</span> <span class='ocrx_word' id='word_1_39' title='bbox 588 609 738 655; x_wconf 85' lang='lat' dir='ltr'>domus,</span> <span class='ocrx_word' id='word_1_40' title='bbox 771 620 936 657; x_wconf 89' lang='lat' dir='ltr'>quarum</span> <span class='ocrx_word' id='word_1_41' title='bbox 968 620 1038 656; x_wconf 90' lang='lat' dir='ltr'>par</span> <span class='ocrx_word' id='word_1_42' title='bbox 1069 606 1264 656; x_wconf 83' lang='lat' dir='ltr'>quaelibet</span> <span class='ocrx_word' id='word_1_43' title='bbox 1295 605 1385 643; x_wconf 84' lang='lat' dir='ltr'>altis</span> 
     </span>
     <span class='ocr_line' id='line_1_8' title="bbox 249 665 1468 718; baseline -0.005 -11"><span class='ocrx_word' id='word_1_44' title='bbox 249 669 415 707; x_wconf 88' lang='lat' dir='ltr'>Arcibus</span> <span class='ocrx_word' id='word_1_45' title='bbox 445 681 532 706; x_wconf 88' lang='lat' dir='ltr'>esse</span> <span class='ocrx_word' id='word_1_46' title='bbox 564 672 690 718; x_wconf 91' lang='lat' dir='ltr'>queat.</span> <span class='ocrx_word' id='word_1_47' title='bbox 742 667 819 705; x_wconf 74' lang='lat' dir='ltr'>Sed</span> <span class='ocrx_word' id='word_1_48' title='bbox 850 679 927 704; x_wconf 86' lang='lat' dir='ltr'>non</span> <span class='ocrx_word' id='word_1_49' title='bbox 959 679 1076 716; x_wconf 86' lang='lat' dir='ltr'>quam</span> <span class='ocrx_word' id='word_1_50' title='bbox 1108 669 1255 703; x_wconf 86' lang='lat' dir='ltr'>structa</span> <span class='ocrx_word' id='word_1_51' title='bbox 1285 665 1468 703; x_wconf 85' lang='lat' dir='ltr'>decenter</span> 
     </span>
     <span class='ocr_line' id='line_1_9' title="bbox 248 726 1229 777; baseline -0.004 -11"><span class='ocrx_word' id='word_1_52' title='bbox 248 728 447 775; x_wconf 81' lang='lat' dir='ltr'>Exterius,</span> <span class='ocrx_word' id='word_1_53' title='bbox 480 728 549 766; x_wconf 88' lang='lat' dir='ltr'>sed</span> <span class='ocrx_word' id='word_1_54' title='bbox 581 740 698 777; x_wconf 86' lang='lat' dir='ltr'>quam</span> <span class='ocrx_word' id='word_1_55' title='bbox 731 727 809 763; x_wconf 86' lang='lat' dir='ltr'>sint</span> <span class='ocrx_word' id='word_1_56' title='bbox 840 726 943 763; x_wconf 84' lang='lat' dir='ltr'>intus</span> <span class='ocrx_word' id='word_1_57' title='bbox 975 726 1071 763; x_wconf 81' lang='lat' dir='ltr'>(litia</span> <span class='ocrx_word' id='word_1_58' title='bbox 1101 726 1229 771; x_wconf 78' lang='lat' dir='ltr'>refert,</span> 
     </span>
    </p>

    <p class='ocr_par' dir='ltr' id='par_1_8' title="bbox 251 783 1389 893">
     <span class='ocr_line' id='line_1_10' title="bbox 251 783 1389 835; baseline -0.004 -10"><span class='ocrx_word' id='word_1_59' title='bbox 251 787 373 835; x_wconf 76' lang='lat' dir='ltr'>Quam</span> <span class='ocrx_word' id='word_1_60' title='bbox 406 788 556 825; x_wconf 86' lang='lat' dir='ltr'>iaceant</span> <span class='ocrx_word' id='word_1_61' title='bbox 587 788 869 824; x_wconf 79' lang='lat' dir='ltr'>frumentorum</span> <span class='ocrx_word' id='word_1_62' title='bbox 902 797 1044 833; x_wconf 81' lang='lat' dir='ltr'>genera</span> <span class='ocrx_word' id='word_1_63' title='bbox 1075 784 1206 822; x_wconf 83' lang='lat' dir='ltr'>onmia</span> <span class='ocrx_word' id='word_1_64' title='bbox 1236 783 1389 832; x_wconf 85' lang='lat' dir='ltr'>magnis</span> 
     </span>
     <span class='ocr_line' id='line_1_11' title="bbox 253 843 1290 893; baseline -0.004 -9"><span class='ocrx_word' id='word_1_65' title='bbox 253 847 505 884; x_wconf 79' lang='lat' dir='ltr'>Accumulata</span> <span class='ocrx_word' id='word_1_66' title='bbox 535 850 593 883; x_wconf 87' lang='lat' dir='ltr'>tot</span> <span class='ocrx_word' id='word_1_67' title='bbox 623 858 809 883; x_wconf 87' lang='lat' dir='ltr'>annorum</span> <span class='ocrx_word' id='word_1_68' title='bbox 843 857 913 893; x_wconf 90' lang='lat' dir='ltr'>per</span> <span class='ocrx_word' id='word_1_69' title='bbox 944 844 1098 881; x_wconf 83' lang='lat' dir='ltr'>saecula</span> <span class='ocrx_word' id='word_1_70' title='bbox 1129 843 1290 881; x_wconf 86' lang='lat' dir='ltr'>acervis.</span> 
     </span>
    </p>

    <p class='ocr_par' dir='ltr' id='par_1_9' title="bbox 180 902 1468 1131">
     <span class='ocr_line' id='line_1_12' title="bbox 180 902 1399 953; baseline -0.001 -12"><span class='ocrx_word' id='word_1_71' title='bbox 180 916 231 941; x_wconf 56' lang='grc' dir='ltr'>τευ</span> <span class='ocrx_word' id='word_1_72' title='bbox 251 906 302 943; x_wconf 85' lang='lat' dir='ltr'>Et</span> <span class='ocrx_word' id='word_1_73' title='bbox 332 906 423 943; x_wconf 84' lang='lat' dir='ltr'>licet</span> <span class='ocrx_word' id='word_1_74' title='bbox 454 905 700 943; x_wconf 74' lang='lat' dir='ltr'>accumulent</span> <span class='ocrx_word' id='word_1_75' title='bbox 732 917 929 953; x_wconf 80' lang='lat' dir='ltr'>nunquam</span> <span class='ocrx_word' id='word_1_76' title='bbox 963 916 1038 940; x_wconf 84' lang='lat' dir='ltr'>non</span> <span class='ocrx_word' id='word_1_77' title='bbox 1070 903 1191 940; x_wconf 82' lang='lat' dir='ltr'>horna</span> <span class='ocrx_word' id='word_1_78' title='bbox 1222 902 1399 947; x_wconf 75' lang='lat' dir='ltr'>vetustis,</span> 
     </span>
     <span class='ocr_line' id='line_1_13' title="bbox 252 962 1422 1011; baseline -0.003 -10"><span class='ocrx_word' id='word_1_79' title='bbox 252 965 347 1001; x_wconf 77' lang='lat' dir='ltr'>Plus</span> <span class='ocrx_word' id='word_1_80' title='bbox 380 969 553 1002; x_wconf 80' lang='lat' dir='ltr'>veterum</span> <span class='ocrx_word' id='word_1_81' title='bbox 586 970 714 1002; x_wconf 73' lang='lat' dir='ltr'>tamon</span> <span class='ocrx_word' id='word_1_82' title='bbox 746 976 833 1001; x_wconf 85' lang='lat' dir='ltr'>esse</span> <span class='ocrx_word' id='word_1_83' title='bbox 866 964 993 1000; x_wconf 84' lang='lat' dir='ltr'>ferunt</span> <span class='ocrx_word' id='word_1_84' title='bbox 1024 962 1237 1011; x_wconf 71' lang='lat' dir='ltr'>emlemque</span> <span class='ocrx_word' id='word_1_85' title='bbox 1269 973 1422 999; x_wconf 88' lang='lat' dir='ltr'>manere</span> 
     </span>
     <span class='ocr_line' id='line_1_14' title="bbox 252 1021 1468 1071; baseline -0.003 -10"><span class='ocrx_word' id='word_1_86' title='bbox 252 1025 372 1061; x_wconf 84' lang='lat' dir='ltr'>Posse</span> <span class='ocrx_word' id='word_1_87' title='bbox 395 1024 529 1061; x_wconf 86' lang='lat' dir='ltr'>decem</span> <span class='ocrx_word' id='word_1_88' title='bbox 550 1023 693 1062; x_wconf 76' lang='lat' dir='ltr'>decies.</span> <span class='ocrx_word' id='word_1_89' title='bbox 725 1023 857 1060; x_wconf 83' lang='lat' dir='ltr'>decies</span> <span class='ocrx_word' id='word_1_90' title='bbox 877 1034 1031 1071; x_wconf 85' lang='lat' dir='ltr'>quoque</span> <span class='ocrx_word' id='word_1_91' title='bbox 1051 1021 1222 1071; x_wconf 84' lang='lat' dir='ltr'>quinque</span> <span class='ocrx_word' id='word_1_92' title='bbox 1244 1033 1313 1070; x_wconf 87' lang='lat' dir='ltr'>per</span> <span class='ocrx_word' id='word_1_93' title='bbox 1337 1032 1468 1058; x_wconf 85' lang='lat' dir='ltr'>annos.</span> 
     </span>
     <span class='ocr_line' id='line_1_15' title="bbox 253 1081 1302 1131; baseline -0.002 -12"><span class='ocrx_word' id='word_1_94' title='bbox 253 1082 424 1130; x_wconf 81' lang='lat' dir='ltr'>Quorum</span> <span class='ocrx_word' id='word_1_95' title='bbox 458 1083 579 1120; x_wconf 88' lang='lat' dir='ltr'>multa</span> <span class='ocrx_word' id='word_1_96' title='bbox 611 1083 681 1119; x_wconf 79' lang='lat' dir='ltr'>tibi</span> <span class='ocrx_word' id='word_1_97' title='bbox 714 1082 952 1131; x_wconf 85' lang='lat' dir='ltr'>praebebunt</span> <span class='ocrx_word' id='word_1_98' title='bbox 983 1081 1120 1118; x_wconf 87' lang='lat' dir='ltr'>horrea</span> <span class='ocrx_word' id='word_1_99' title='bbox 1152 1084 1302 1117; x_wconf 87' lang='lat' dir='ltr'>nostra:</span> 
     </span>
    </p>

    <p class='ocr_par' dir='ltr' id='par_1_10' title="bbox 253 1139 1337 1190">
     <span class='ocr_line' id='line_1_16' title="bbox 253 1139 1337 1190; baseline -0.004 -10"><span class='ocrx_word' id='word_1_100' title='bbox 253 1142 343 1180; x_wconf 80' lang='lat' dir='ltr'>Sive</span> <span class='ocrx_word' id='word_1_101' title='bbox 374 1142 494 1190; x_wconf 79' lang='lat' dir='ltr'>igitur</span> <span class='ocrx_word' id='word_1_102' title='bbox 525 1142 622 1179; x_wconf 85' lang='lat' dir='ltr'>dura</span> <span class='ocrx_word' id='word_1_103' title='bbox 655 1154 805 1183; x_wconf 66' lang='lat' dir='ltr'>saevus,</span> <span class='ocrx_word' id='word_1_104' title='bbox 837 1141 940 1190; x_wconf 83' lang='lat' dir='ltr'>quod</span> <span class='ocrx_word' id='word_1_105' title='bbox 971 1140 1180 1185; x_wconf 72' lang='lat' dir='ltr'>abominor,</span> <span class='ocrx_word' id='word_1_106' title='bbox 1213 1139 1337 1177; x_wconf 86' lang='lat' dir='ltr'>hostis</span> 
     </span>
    </p>

    <p class='ocr_par' dir='ltr' id='par_1_11' title="bbox 181 1199 1431 1487">
     <span class='ocr_line' id='line_1_17' title="bbox 181 1199 1175 1250; baseline 0 -14"><span class='ocrx_word' id='word_1_107' title='bbox 181 1210 232 1236; x_wconf 69' lang='grc'>72.)</span> <span class='ocrx_word' id='word_1_108' title='bbox 253 1200 460 1239; x_wconf 83' lang='lat' dir='ltr'>Obsidione</span> <span class='ocrx_word' id='word_1_109' title='bbox 492 1205 651 1250; x_wconf 73' lang='lat' dir='ltr'>premat,</span> <span class='ocrx_word' id='word_1_110' title='bbox 684 1213 759 1238; x_wconf 87' lang='lat' dir='ltr'>non</span> <span class='ocrx_word' id='word_1_111' title='bbox 792 1200 876 1237; x_wconf 88' lang='lat' dir='ltr'>urbi</span> <span class='ocrx_word' id='word_1_112' title='bbox 909 1200 1020 1249; x_wconf 83' lang='lat' dir='ltr'>copia</span> <span class='ocrx_word' id='word_1_113' title='bbox 1052 1199 1175 1236; x_wconf 87' lang='lat' dir='ltr'>deerit</span> 
     </span>
     <span class='ocr_line' id='line_1_18' title="bbox 253 1259 1421 1309; baseline -0.003 -12"><span class='ocrx_word' id='word_1_114' title='bbox 253 1260 596 1309; x_wconf 78' lang='lat' dir='ltr'>Quarumcumque</span> <span class='ocrx_word' id='word_1_115' title='bbox 628 1272 725 1309; x_wconf 84' lang='lat' dir='ltr'>opus</span> <span class='ocrx_word' id='word_1_116' title='bbox 757 1263 817 1297; x_wconf 84' lang='lat' dir='ltr'>est</span> <span class='ocrx_word' id='word_1_117' title='bbox 848 1272 919 1308; x_wconf 82' lang='lat' dir='ltr'>per</span> <span class='ocrx_word' id='word_1_118' title='bbox 950 1259 1041 1296; x_wconf 83' lang='lat' dir='ltr'>talia</span> <span class='ocrx_word' id='word_1_119' title='bbox 1072 1263 1247 1307; x_wconf 88' lang='lat' dir='ltr'>tempora</span> <span class='ocrx_word' id='word_1_120' title='bbox 1278 1269 1421 1295; x_wconf 87' lang='lat' dir='ltr'>rerum.</span> 
     </span>
     <span class='ocr_line' id='line_1_19' title="bbox 252 1317 1431 1366; baseline -0.003 -10"><span class='ocrx_word' id='word_1_121' title='bbox 252 1319 341 1357; x_wconf 90' lang='lat' dir='ltr'>Non</span> <span class='ocrx_word' id='word_1_122' title='bbox 371 1324 522 1356; x_wconf 82' lang='lat' dir='ltr'>tantuin</span> <span class='ocrx_word' id='word_1_123' title='bbox 553 1320 791 1357; x_wconf 78' lang='lat' dir='ltr'>frumentum</span> <span class='ocrx_word' id='word_1_124' title='bbox 825 1318 968 1356; x_wconf 86' lang='lat' dir='ltr'>etenim</span> <span class='ocrx_word' id='word_1_125' title='bbox 1000 1317 1196 1355; x_wconf 83' lang='lat' dir='ltr'>cumulata</span> <span class='ocrx_word' id='word_1_126' title='bbox 1228 1320 1431 1366; x_wconf 74' lang='lat' dir='ltr'>reponunt,</span> 
     </span>
     <span class='ocr_line' id='line_1_20' title="bbox 253 1377 1235 1427; baseline -0.003 -11"><span class='ocrx_word' id='word_1_127' title='bbox 253 1379 402 1416; x_wconf 76' lang='lat' dir='ltr'>Verum</span> <span class='ocrx_word' id='word_1_128' title='bbox 433 1379 520 1416; x_wconf 85' lang='lat' dir='ltr'>aliis</span> <span class='ocrx_word' id='word_1_129' title='bbox 552 1379 668 1416; x_wconf 86' lang='lat' dir='ltr'>etiam</span> <span class='ocrx_word' id='word_1_130' title='bbox 700 1378 888 1427; x_wconf 81' lang='lat' dir='ltr'>penuaria</span> <span class='ocrx_word' id='word_1_131' title='bbox 920 1377 1088 1426; x_wconf 86' lang='lat' dir='ltr'>plurima</span> <span class='ocrx_word' id='word_1_132' title='bbox 1120 1377 1235 1414; x_wconf 89' lang='lat' dir='ltr'>rebus</span> 
     </span>
     <span class='ocr_line' id='line_1_21' title="bbox 256 1435 1391 1487; baseline -0.003 -12"><span class='ocrx_word' id='word_1_133' title='bbox 256 1438 377 1476; x_wconf 86' lang='lat' dir='ltr'>Plena</span> <span class='ocrx_word' id='word_1_134' title='bbox 407 1442 553 1484; x_wconf 76' lang='lat' dir='ltr'>tenent,</span> <span class='ocrx_word' id='word_1_135' title='bbox 585 1438 727 1487; x_wconf 88' lang='lat' dir='ltr'>quibus</span> <span class='ocrx_word' id='word_1_136' title='bbox 759 1437 955 1474; x_wconf 81' lang='lat' dir='ltr'>excidium</span> <span class='ocrx_word' id='word_1_137' title='bbox 988 1436 1208 1485; x_wconf 74' lang='lat' dir='ltr'>propellere</span> <span class='ocrx_word' id='word_1_138' title='bbox 1240 1435 1391 1485; x_wconf 80' lang='lat' dir='ltr'>possint</span> 
     </span>
    </p>

    <p class='ocr_par' dir='ltr' id='par_1_12' title="bbox 183 1495 1336 1656">
     <span class='ocr_line' id='line_1_22' title="bbox 183 1495 1336 1546; baseline -0.001 -14"><span class='ocrx_word' id='word_1_139' title='bbox 183 1506 236 1532; x_wconf 62' lang='lat' dir='ltr'>Ta«)</span> <span class='ocrx_word' id='word_1_140' title='bbox 255 1497 491 1534; x_wconf 86' lang='lat' dir='ltr'>Incumbens</span> <span class='ocrx_word' id='word_1_141' title='bbox 522 1497 724 1546; x_wconf 82' lang='lat' dir='ltr'>hostisque</span> <span class='ocrx_word' id='word_1_142' title='bbox 757 1496 881 1534; x_wconf 87' lang='lat' dir='ltr'>minas</span> <span class='ocrx_word' id='word_1_143' title='bbox 914 1502 1159 1533; x_wconf 83' lang='lat' dir='ltr'>contemnere</span> <span class='ocrx_word' id='word_1_144' title='bbox 1190 1495 1336 1532; x_wconf 85' lang='lat' dir='ltr'>inanes.</span> 
     </span>
     <span class='ocr_line' id='line_1_23' title="bbox 257 1554 1239 1605; baseline -0.002 -12"><span class='ocrx_word' id='word_1_145' title='bbox 257 1556 447 1605; x_wconf 84' lang='lat' dir='ltr'>Tempora</span> <span class='ocrx_word' id='word_1_146' title='bbox 479 1568 547 1593; x_wconf 91' lang='lat' dir='ltr'>seu</span> <span class='ocrx_word' id='word_1_147' title='bbox 579 1556 684 1593; x_wconf 87' lang='lat' dir='ltr'>dirae</span> <span class='ocrx_word' id='word_1_148' title='bbox 716 1555 830 1592; x_wconf 80' lang='lat' dir='ltr'>famis</span> <span class='ocrx_word' id='word_1_149' title='bbox 862 1555 1111 1592; x_wconf 82' lang='lat' dir='ltr'>inclementia</span> <span class='ocrx_word' id='word_1_150' title='bbox 1142 1554 1239 1591; x_wconf 88' lang='lat' dir='ltr'>caeli</span> 
     </span>
     <span class='ocr_line' id='line_1_24' title="bbox 257 1613 1322 1656; baseline -0.002 -4"><span class='ocrx_word' id='word_1_151' title='bbox 257 1615 423 1652; x_wconf 81' lang='lat' dir='ltr'>Duxerit</span> <span class='ocrx_word' id='word_1_152' title='bbox 452 1619 518 1652; x_wconf 88' lang='lat' dir='ltr'>aut</span> <span class='ocrx_word' id='word_1_153' title='bbox 549 1615 637 1651; x_wconf 89' lang='lat' dir='ltr'>duri</span> <span class='ocrx_word' id='word_1_154' title='bbox 670 1618 847 1652; x_wconf 88' lang='lat' dir='ltr'>sternens</span> <span class='ocrx_word' id='word_1_155' title='bbox 880 1615 986 1651; x_wconf 83' lang='lat' dir='ltr'>furor</span> <span class='ocrx_word' id='word_1_156' title='bbox 1017 1613 1145 1651; x_wconf 86' lang='lat' dir='ltr'>omnia</span> <span class='ocrx_word' id='word_1_157' title='bbox 1175 1613 1322 1656; x_wconf 70' lang='lat' dir='ltr'>Martis,</span> 
     </span>
    </p>

    <p class='ocr_par' dir='ltr' id='par_1_13' title="bbox 186 1672 1474 1781">
     <span class='ocr_line' id='line_1_25' title="bbox 186 1672 1474 1722; baseline 0.001 -15"><span class='ocrx_word' id='word_1_158' title='bbox 186 1682 278 1716; x_wconf 66' lang='lat' dir='ltr'>[eiija]</span> <span class='ocrx_word' id='word_1_159' title='bbox 310 1673 428 1711; x_wconf 88' lang='lat' dir='ltr'>Nulla</span> <span class='ocrx_word' id='word_1_160' title='bbox 459 1674 533 1711; x_wconf 86' lang='lat' dir='ltr'>erit</span> <span class='ocrx_word' id='word_1_161' title='bbox 563 1674 627 1711; x_wconf 90' lang='lat' dir='ltr'>hic</span> <span class='ocrx_word' id='word_1_162' title='bbox 659 1673 869 1711; x_wconf 84' lang='lat' dir='ltr'>metuenda</span> <span class='ocrx_word' id='word_1_163' title='bbox 900 1673 1039 1719; x_wconf 76' lang='lat' dir='ltr'>fames,</span> <span class='ocrx_word' id='word_1_164' title='bbox 1075 1684 1173 1722; x_wconf 85' lang='lat' dir='ltr'>quae</span> <span class='ocrx_word' id='word_1_165' title='bbox 1205 1684 1366 1721; x_wconf 85' lang='lat' dir='ltr'>corpora</span> <span class='ocrx_word' id='word_1_166' title='bbox 1397 1672 1474 1709; x_wconf 82' lang='lat' dir='ltr'>leto</span> 
     </span>
     <span class='ocr_line' id='line_1_26' title="bbox 257 1731 1278 1781; baseline -0.002 -11"><span class='ocrx_word' id='word_1_167' title='bbox 257 1733 421 1770; x_wconf 85' lang='lat' dir='ltr'>Hauriat</span> <span class='ocrx_word' id='word_1_168' title='bbox 451 1738 518 1770; x_wconf 85' lang='lat' dir='ltr'>aut</span> <span class='ocrx_word' id='word_1_169' title='bbox 548 1733 710 1770; x_wconf 86' lang='lat' dir='ltr'>miseros</span> <span class='ocrx_word' id='word_1_170' title='bbox 742 1737 855 1780; x_wconf 84' lang='lat' dir='ltr'>cogat</span> <span class='ocrx_word' id='word_1_171' title='bbox 886 1744 956 1769; x_wconf 88' lang='lat' dir='ltr'>sua</span> <span class='ocrx_word' id='word_1_172' title='bbox 987 1732 1149 1781; x_wconf 86' lang='lat' dir='ltr'>pignora</span> <span class='ocrx_word' id='word_1_173' title='bbox 1173 1731 1278 1768; x_wconf 86' lang='lat' dir='ltr'>cives</span> 
     </span>
    </p>

    <p class='ocr_par' dir='ltr' id='par_1_14' title="bbox 186 1792 1356 2077">
     <span class='ocr_line' id='line_1_27' title="bbox 186 1792 1252 1841; baseline -0.002 -11"><span class='ocrx_word' id='word_1_174' title='bbox 186 1801 238 1827; x_wconf 73' lang='grc' dir='ltr'>ῖ35</span> <span class='ocrx_word' id='word_1_175' title='bbox 257 1793 448 1830; x_wconf 85' lang='lat' dir='ltr'>Deserere</span> <span class='ocrx_word' id='word_1_176' title='bbox 478 1796 595 1841; x_wconf 87' lang='lat' dir='ltr'>atque</span> <span class='ocrx_word' id='word_1_177' title='bbox 627 1792 732 1829; x_wconf 86' lang='lat' dir='ltr'>cibos</span> <span class='ocrx_word' id='word_1_178' title='bbox 764 1792 889 1829; x_wconf 86' lang='lat' dir='ltr'>aliena</span> <span class='ocrx_word' id='word_1_179' title='bbox 921 1803 1106 1841; x_wconf 72' lang='lat' dir='ltr'>quaerere</span> <span class='ocrx_word' id='word_1_180' title='bbox 1138 1795 1252 1828; x_wconf 86' lang='lat' dir='ltr'>terra.</span> 
     </span>
     <span class='ocr_line' id='line_1_28' title="bbox 258 1849 1356 1900; baseline -0.003 -11"><span class='ocrx_word' id='word_1_181' title='bbox 258 1852 473 1889; x_wconf 85' lang='lat' dir='ltr'>Possumus</span> <span class='ocrx_word' id='word_1_182' title='bbox 505 1851 579 1888; x_wconf 86' lang='lat' dir='ltr'>hoc</span> <span class='ocrx_word' id='word_1_183' title='bbox 610 1851 742 1888; x_wconf 82' lang='lat' dir='ltr'>testari</span> <span class='ocrx_word' id='word_1_184' title='bbox 774 1851 902 1896; x_wconf 77' lang='lat' dir='ltr'>etiam7</span> <span class='ocrx_word' id='word_1_185' title='bbox 935 1850 1037 1900; x_wconf 87' lang='lat' dir='ltr'>quod</span> <span class='ocrx_word' id='word_1_186' title='bbox 1070 1850 1239 1887; x_wconf 79' lang='lat' dir='ltr'>vidimus</span> <span class='ocrx_word' id='word_1_187' title='bbox 1270 1849 1356 1899; x_wconf 85' lang='lat' dir='ltr'>ipsi,</span> 
     </span>
     <span class='ocr_line' id='line_1_29' title="bbox 259 1909 1173 1959; baseline -0.002 -11"><span class='ocrx_word' id='word_1_188' title='bbox 259 1911 357 1948; x_wconf 86' lang='lat' dir='ltr'>Cum</span> <span class='ocrx_word' id='word_1_189' title='bbox 391 1910 524 1959; x_wconf 85' lang='lat' dir='ltr'>paucis</span> <span class='ocrx_word' id='word_1_190' title='bbox 556 1922 707 1947; x_wconf 90' lang='lat' dir='ltr'>annona</span> <span class='ocrx_word' id='word_1_191' title='bbox 737 1909 877 1947; x_wconf 78' lang='lat' dir='ltr'>fuisset</span> <span class='ocrx_word' id='word_1_192' title='bbox 908 1910 1032 1947; x_wconf 88' lang='lat' dir='ltr'>carior</span> <span class='ocrx_word' id='word_1_193' title='bbox 1061 1909 1173 1946; x_wconf 87' lang='lat' dir='ltr'>annis</span> 
     </span>
     <span class='ocr_line' id='line_1_30' title="bbox 258 1969 1159 2019; baseline -0.002 -12"><span class='ocrx_word' id='word_1_194' title='bbox 258 1970 331 2007; x_wconf 87' lang='lat' dir='ltr'>His</span> <span class='ocrx_word' id='word_1_195' title='bbox 362 1969 519 2019; x_wconf 84' lang='lat' dir='ltr'>aliquot,</span> <span class='ocrx_word' id='word_1_196' title='bbox 552 1969 658 2018; x_wconf 83' lang='lat' dir='ltr'>quali</span> <span class='ocrx_word' id='word_1_197' title='bbox 689 1969 794 2006; x_wconf 82' lang='lat' dir='ltr'>cives</span> <span class='ocrx_word' id='word_1_198' title='bbox 826 1969 967 2018; x_wconf 83' lang='lat' dir='ltr'>pietate</span> <span class='ocrx_word' id='word_1_199' title='bbox 1000 1972 1159 2007; x_wconf 87' lang='lat' dir='ltr'>senatus</span> 
     </span>
     <span class='ocr_line' id='line_1_31' title="bbox 259 2027 1241 2077; baseline -0.001 -11"><span class='ocrx_word' id='word_1_200' title='bbox 259 2028 414 2066; x_wconf 85' lang='lat' dir='ltr'>Foverit</span> <span class='ocrx_word' id='word_1_201' title='bbox 444 2028 621 2066; x_wconf 88' lang='lat' dir='ltr'>adflictos</span> <span class='ocrx_word' id='word_1_202' title='bbox 653 2040 784 2065; x_wconf 88' lang='lat' dir='ltr'>rerum</span> <span class='ocrx_word' id='word_1_203' title='bbox 815 2032 853 2065; x_wconf 84' lang='lat' dir='ltr'>et</span> <span class='ocrx_word' id='word_1_204' title='bbox 885 2027 1038 2077; x_wconf 82' lang='lat' dir='ltr'>pietatis</span> <span class='ocrx_word' id='word_1_205' title='bbox 1071 2031 1241 2075; x_wconf 81' lang='lat' dir='ltr'>egentes.</span> 
     </span>
    </p>

    <p class='ocr_par' dir='ltr' id='par_1_15' title="bbox 186 2087 1412 2372">
     <span class='ocr_line' id='line_1_32' title="bbox 186 2087 1412 2137; baseline 0.001 -15"><span class='ocrx_word' id='word_1_206' title='bbox 186 2097 240 2122; x_wconf 71' lang='lat'>740</span> <span class='ocrx_word' id='word_1_207' title='bbox 259 2087 439 2137; x_wconf 84' lang='lat' dir='ltr'>Namque</span> <span class='ocrx_word' id='word_1_208' title='bbox 470 2087 535 2125; x_wconf 88' lang='lat' dir='ltr'>ubi</span> <span class='ocrx_word' id='word_1_209' title='bbox 567 2091 676 2125; x_wconf 84' lang='lat' dir='ltr'>cocta</span> <span class='ocrx_word' id='word_1_210' title='bbox 707 2087 826 2125; x_wconf 82' lang='lat' dir='ltr'>Ceres</span> <span class='ocrx_word' id='word_1_211' title='bbox 858 2099 997 2135; x_wconf 69' lang='lat' dir='ltr'>mag-no</span> <span class='ocrx_word' id='word_1_212' title='bbox 1029 2087 1179 2124; x_wconf 79' lang='lat' dir='ltr'>veniret</span> <span class='ocrx_word' id='word_1_213' title='bbox 1209 2090 1248 2124; x_wconf 89' lang='lat' dir='ltr'>et</span> <span class='ocrx_word' id='word_1_214' title='bbox 1279 2089 1412 2123; x_wconf 82' lang='lat' dir='ltr'>essent</span> 
     </span>
     <span class='ocr_line' id='line_1_33' title="bbox 261 2145 1307 2195; baseline -0.002 -11"><span class='ocrx_word' id='word_1_215' title='bbox 261 2145 398 2184; x_wconf 90' lang='lat' dir='ltr'>Omnia</span> <span class='ocrx_word' id='word_1_216' title='bbox 430 2146 578 2184; x_wconf 85' lang='lat' dir='ltr'>difficili</span> <span class='ocrx_word' id='word_1_217' title='bbox 611 2146 711 2195; x_wconf 87' lang='lat' dir='ltr'>stipe</span> <span class='ocrx_word' id='word_1_218' title='bbox 743 2158 814 2195; x_wconf 88' lang='lat' dir='ltr'>per</span> <span class='ocrx_word' id='word_1_219' title='bbox 844 2146 926 2183; x_wconf 74' lang='lat' dir='ltr'>tora</span> <span class='ocrx_word' id='word_1_220' title='bbox 957 2149 1095 2183; x_wconf 88' lang='lat' dir='ltr'>cuncta</span> <span class='ocrx_word' id='word_1_221' title='bbox 1126 2145 1307 2194; x_wconf 76' lang='lat' dir='ltr'>paranda,</span> 
     </span>
     <span class='ocr_line' id='line_1_34' title="bbox 259 2204 1201 2243; baseline -0.002 0"><span class='ocrx_word' id='word_1_222' title='bbox 259 2205 408 2243; x_wconf 89' lang='lat' dir='ltr'>Horrea</span> <span class='ocrx_word' id='word_1_223' title='bbox 438 2206 569 2243; x_wconf 85' lang='lat' dir='ltr'>clausa</span> <span class='ocrx_word' id='word_1_224' title='bbox 600 2205 668 2242; x_wconf 83' lang='lat' dir='ltr'>diu</span> <span class='ocrx_word' id='word_1_225' title='bbox 699 2205 864 2243; x_wconf 83' lang='lat' dir='ltr'>reserari</span> <span class='ocrx_word' id='word_1_226' title='bbox 895 2205 1009 2243; x_wconf 88' lang='lat' dir='ltr'>iussit</span> <span class='ocrx_word' id='word_1_227' title='bbox 1040 2209 1080 2242; x_wconf 92' lang='lat' dir='ltr'>et</span> <span class='ocrx_word' id='word_1_228' title='bbox 1111 2204 1201 2242; x_wconf 87' lang='lat' dir='ltr'>inde</span> 
     </span>
     <span class='ocr_line' id='line_1_35' title="bbox 261 2264 1341 2314; baseline -0.002 -12"><span class='ocrx_word' id='word_1_229' title='bbox 261 2264 490 2313; x_wconf 83' lang='lat' dir='ltr'>Sumptibus</span> <span class='ocrx_word' id='word_1_230' title='bbox 521 2264 719 2314; x_wconf 84' lang='lat' dir='ltr'>expositas</span> <span class='ocrx_word' id='word_1_231' title='bbox 751 2264 902 2313; x_wconf 86' lang='lat' dir='ltr'>magnis</span> <span class='ocrx_word' id='word_1_232' title='bbox 934 2264 1177 2313; x_wconf 85' lang='lat' dir='ltr'>compinsere</span> <span class='ocrx_word' id='word_1_233' title='bbox 1208 2264 1341 2311; x_wconf 77' lang='lat' dir='ltr'>fruges</span> 
     </span>
     <span class='ocr_line' id='line_1_36' title="bbox 261 2322 1265 2372; baseline -0.001 -12"><span class='ocrx_word' id='word_1_234' title='bbox 261 2323 313 2360; x_wconf 81' lang='lat' dir='ltr'>Et</span> <span class='ocrx_word' id='word_1_235' title='bbox 344 2323 485 2372; x_wconf 86' lang='lat' dir='ltr'>populo</span> <span class='ocrx_word' id='word_1_236' title='bbox 518 2323 671 2361; x_wconf 86' lang='lat' dir='ltr'>Cereris</span> <span class='ocrx_word' id='word_1_237' title='bbox 703 2323 915 2361; x_wconf 85' lang='lat' dir='ltr'>iustissima</span> <span class='ocrx_word' id='word_1_238' title='bbox 947 2323 1118 2372; x_wconf 84' lang='lat' dir='ltr'>pondera</span> <span class='ocrx_word' id='word_1_239' title='bbox 1149 2322 1265 2360; x_wconf 88' lang='lat' dir='ltr'>vendi</span> 
     </span>
    </p>
   </div>
   <div class='ocr_carea' id='block_1_3' title="bbox 262 2390 1263 2428">
    <p class='ocr_par' dir='ltr' id='par_1_16' title="bbox 262 2390 1263 2428">
     <span class='ocr_line' id='line_1_37' title="bbox 262 2390 1263 2428; baseline -0.002 0"><span class='ocrx_word' id='word_1_240' title='bbox 262 2401 325 2428; x_wconf 81' lang='lat' dir='ltr'>Lat.</span> <span class='ocrx_word' id='word_1_241' title='bbox 347 2402 623 2428; x_wconf 74' lang='lat' dir='ltr'>Litteraturdenkm.</span> <span class='ocrx_word' id='word_1_242' title='bbox 646 2391 687 2427; x_wconf 73' lang='lat'>12&#39;.</span> <span class='ocrx_word' id='word_1_243' title='bbox 1243 2390 1263 2423; x_wconf 86' lang='lat'>3</span> 
     </span>
    </p>
   </div>
  </div>
 </body>
</html>
