1640 2650
578 200 763 235 EossANxs
795 199 1030 225 NORIBERGA.
1391 187 1413 223 ‘2
1422 188 1442 224 7

226 318 431 365 Planicies⁷
463 321 547 356 tum
579 330 627 356 ne
658 318 809 355 iaceant
839 318 922 355 loca
954 322 1061 355 vasta
1095 317 1229 355 recisis

227 378 450 423 Arboribus,
482 390 581 415 nova
613 378 823 415 conficiunt
854 382 892 414 et
925 377 1072 414 semina
1103 377 1263 414 mittunt

228 436 369 486 Sparsa
401 437 481 474 solo
514 449 634 474 vacuo
666 436 891 486 campisque
923 436 1062 473 iniecta
1094 436 1328 485 relinrprunt.

227 495 327 533 Tum
357 496 490 534 videas
522 496 676 545 prodire
708 508 828 533 novas
861 496 944 533 sine
977 495 1107 544 stipite
1139 495 1308 542 frondes,

156 563 207 589 545
226 554 319 592 Mox
351 567 503 605 quoque
535 555 733 593 colliculos
765 559 912 601 tenues,
945 559 1027 592 111111
1060 554 1202 592 cortice
1234 555 1352 591 robur

226 614 408 652 Accresci
438 627 655 664 parvosque
688 615 864 651 umbram
896 614 1105 652 defendere
1137 626 1264 651 ramos

225 673 432 722 Exiguam,
464 678 716 723 teneramque
748 685 846 711 novo
879 673 926 711 de
958 673 1134 722 germine
1167 673 1306 710 silvam

228 732 397 781 Surgere
429 737 467 770 et
497 733 538 770 in
569 733 713 782 patrias
745 733 933 782 paulatim
965 732 1186 770 adolescere
1218 733 1374 778 formas,

226 792 360 830 Donec
390 792 430 829 in
461 792 663 842 antiquum
696 792 829 830 redeat
862 792 981 829 decus
1012 791 1169 841 altaque
1202 791 1306 829 caelo

157 858 208 885 550
227 851 389 889 Attollat
419 851 547 900 capita
577 855 615 889 et
646 863 833 889 concusso
866 851 1008 888 veitice
1041 856 1160 897 nutet,

228 909 439 948 Lassatura
470 909 614 948 iterum
646 910 789 960 patrias
821 911 897 947 iam
931 910 1028 947 silva
1061 922 1227 947 secures.

228 969 310 1007 Has
341 969 439 1007 aliae
470 969 694 1007 innumerae
726 982 795 1019 per
826 974 881 1007 tot
913 969 990 1006 iam
1023 969 1177 1007 saecula
1208 974 1333 1007 terrae

227 1027 439 1066 Nescivere
470 1033 572 1066 artes
604 1029 905 1078 reparandarum
938 1029 1141 1075 silvarum3

226 1087 428 1125 Inventrix
461 1088 590 1125 docuit
622 1087 845 1125 Germania:
878 1092 985 1125 tanta
1017 1088 1157 1137 cupido
1189 1091 1259 1134 est,

157 1154 208 1180 555
229 1145 375 1184 Tantus
406 1159 515 1185 amor
545 1159 766 1194 nemorum⁷
806 1160 969 1196 quorum
1002 1147 1064 1184 vel
1097 1147 1236 1184 blanda
1267 1146 1448 1196 voluptas

227 1205 302 1243 Vel
333 1206 464 1254 gravis
495 1206 641 1244 utilitas
674 1207 725 1244 sit
755 1218 987 1256 responsura
1020 1206 1150 1244 labori.

230 1264 370 1302 Cetera
399 1278 568 1315 namque
601 1270 734 1303 serunt
766 1265 945 1315 spatiosis
977 1266 1112 1314 iugera
1144 1265 1304 1314 campis,

229 1323 338 1362 Siout
368 1329 407 1362 et
438 1325 535 1362 haec
566 1325 667 1362 intra
698 1325 774 1362 late
806 1330 1026 1374 prospectat
1057 1329 1095 1362 et
1123 1330 1233 1362 extra

228 1382 387 1421 Vicinos
419 1384 543 1433 plenis
575 1384 786 1422 flavescere
818 1385 1011 1421 messibus
1043 1396 1167 1432 agros.

156 1449 208 1476 560
287 1442 395 1480 Haeo
425 1447 486 1480 est
516 1443 733 1491 Hercyniae
766 1443 933 1480 multum
964 1456 1054 1492 pars
1086 1443 1218 1480 inclita
1255 1443 1387 1490 silvae,

228 1500 369 1539 Norica
401 1514 500 1552 quae
532 1502 645 1551 longo
677 1503 892 1540 circumdat
924 1503 1075 1540 moenia
1106 1503 1226 1549 flexu,

227 1559 452 1610 Exstirpata
484 1561 562 1609 (1111,
594 1562 669 1599 11151
703 1561 756 1599 510
788 1561 957 1599 recidiva
989 1566 1164 1599 maneret

229 1619 370 1668 Magna
400 1624 509 1669 parte
542 1621 613 1668 5111,
646 1625 854 1670 postquam
885 1621 1024 1658 defecit
1055 1626 1094 1658 et
1125 1621 1249 1670 ipsam

159 1685 249 1720 [diijb]
283 1679 334 1717 Se
365 1691 548 1728 reparans
584 1692 814 1729 semperque
852 1692 951 1717 nova
983 1680 1056 1717 sibi
1088 1680 1195 1729 prole
1227 1692 1446 1717 renascens.

228 1832 552 1882 Lapidicinae,
590 1845 646 1870 ex
679 1833 849 1883 quibus
887 1833 1018 1871 urbis
1051 1833 1276 1871 aedificia
1310 1835 1445 1871 fiunt.

157 1923 209 1949 565
287 1915 395 1954 Haec
426 1919 485 1953 est
516 1916 703 1964 Hercynii
734 1916 848 1965 longe
883 1929 973 1966 pars
1004 1917 1136 1954 inclita
1169 1917 1292 1954 saltus

231 1974 473 2013 Ciremnfusa
504 1975 614 2024 vagis
646 1975 818 2013 inclusae
850 1976 1094 2025 amplexibus
1127 1976 1222 2014 urbi.

230 2032 338 2080 Quae
368 2046 445 2072 non
477 2039 580 2072 tecta
611 2034 724 2072 modo
756 2035 884 2072 civilia
916 2035 1090 2073 materiei

228 2092 347 2131 Felici
379 2094 554 2131 ubertate
586 2106 721 2131 01111105
753 2099 956 2131 conservat
986 2094 1026 2131 in
1058 2106 1178 2131 annos

228 2151 310 2189 Neo
341 2156 493 2189 tantum
524 2153 619 2190 bona
652 2153 803 2190 deliciis
835 2157 902 2191 aut
933 2154 1098 2203 denique
1131 2154 1293 2191 blandae

157 2218 210 2245 570
227 2210 328 2248 Nata
359 2211 548 2260 voluptati
579 2224 623 2249 ac
655 2212 810 2260 pinguis
842 2212 1008 2250 fecunda
1040 2213 1194 2259 ferinae⁷

230 2270 375 2307 Verum
407 2271 521 2308 etiam
555 2283 740 2319 generosa
773 2283 842 2308 suo
875 2283 915 2309 se
947 2284 1138 2309 marmore
1170 2272 1296 2309 iactat.

229 2327 339 2376 Quod
370 2329 499 2367 fundis
531 2330 704 2379 lapidum
736 2335 976 2368 crescentem
1009 2343 1162 2380 semper
1193 2331 1241 2368 ad
1274 2332 1407 2368 urbem
