1640 2650
171 188 222 224 Ts

198 561 213 587 5

239 317 366 354 lucem
405 317 729 367 splendoremque
766 317 953 365 fugientis
992 318 1132 355 iustam
1171 317 1350 366 gloriam,
1393 319 1460 369 qui
1498 362 1501 363 ⁷

239 376 389 414 fructus
431 382 490 414 est
530 389 646 414 verae
687 376 843 414 virtutis
887 377 1201 421 honestissimus,
1243 377 1459 426 repudiare.

240 436 482 485 Quamquam
516 436 606 481 scio,
639 448 714 485 quo
747 436 889 473 maiore
914 436 1042 473 animo
1068 436 1218 473 fructus
1246 437 1460 475 honestatis

239 494 276 530 in
309 495 544 532 conscientia
571 507 686 544 quam
709 495 749 532 in
769 496 869 532 fama
890 500 1108 544 reponatur,
1141 496 1233 544 quid
1255 500 1459 545 propterea

241 557 357 599 vetat,
392 554 423 591 si
456 559 559 592 recte
590 555 690 591 facta
718 554 826 603 sequi
854 554 1028 601 voluerit,
1062 566 1146 592 eam
1178 567 1300 604 aequo
1331 555 1458 593 animo

239 612 414 650 admitti?
448 613 555 650 Sicut
574 613 676 650 enim
697 613 826 662 appeti
847 613 1010 650 fortasse
1024 625 1100 650 non
1120 613 1244 651 debet.
1258 614 1311 651 ita
1332 627 1458 664 neque

241 677 377 720 sponte
415 672 628 710 adveniens
665 672 832 710 extrudi.
895 672 943 710 Et
981 685 1051 710 cur
1082 678 1186 710 recta
1223 673 1460 711 conscientia

182 738 282 771 [AiiJ'al
299 732 484 769 honestae
497 732 623 769 famae
634 732 898 769 testimonium
915 743 1047 781 asper·
1075 736 1242 777 naretur,
1255 744 1344 769 cum
1358 732 1460 770 mala

184 857 212 882 10

239 791 353 828 etiam
386 791 505 828 invita
538 791 753 840 nolensque
786 802 877 827 suos
909 796 1028 828 testes
1062 791 1111 828 sit
1141 791 1342 828 habitura?
1384 791 1458 830 Sed

241 862 426 898 quorsum
453 850 547 887 haec
574 854 652 887 tam
679 850 794 898 longa
820 850 938 887 oratio
964 850 1012 887 de
1039 862 1168 887 rerum
1192 850 1462 888 historiarum-

180 926 184 930 ·
240 921 315 958 que
348 909 621 956 conditoribus,
653 909 701 946 de
733 909 847 946 laude
879 921 924 946 ac
955 910 1057 946 fama
1089 921 1165 946 non
1196 909 1460 958 repudianda?

183 1154 213 1178 15

180 1449 215 1474 ‘20

181 2042 215 2066 31)

240 968 284 1005 In
335 969 439 1006 hunc
489 969 622 1015 finem,
679 968 915 1006 ornatissimi
971 968 1342 1018 prudentissimique
1387 969 1459 1006 viri

243 1028 463 1077 Lipsenses,
496 1028 623 1065 omnia
655 1028 751 1065 haec
770 1040 792 1065 a
813 1039 875 1065 me
895 1028 1089 1071 dicuntur,
1123 1040 1198 1065 non
1230 1032 1274 1065 ut
1300 1028 1458 1065 doceam

241 1099 318 1124 vos.
360 1087 426 1125 sed
460 1091 502 1125 ut
533 1092 704 1125 vestram
736 1087 888 1124 laudem
923 1099 992 1124 vos
1023 1087 1130 1136 ipsos
1161 1087 1358 1136 respicere
1389 1087 1460 1125 ali-

241 1146 393 1195 quando
436 1152 553 1196 atque
594 1158 807 1195 agnoscere
851 1158 1004 1195 cogam,
1048 1158 1213 1196 quorum
1253 1146 1461 1196 prudentia

241 1205 448 1254 singularis
487 1206 690 1255 virtusque
737 1206 894 1254 egregia
933 1210 975 1242 ut
1014 1205 1053 1242 in
1095 1205 1234 1243 ceteris
1281 1206 1459 1243 omnibus

242 1266 293 1303 ita
331 1277 484 1314 quoque
521 1265 561 1302 in
600 1266 672 1302 hoc
710 1277 853 1313 genere
886 1276 960 1301 non
993 1264 1240 1302 mediocriter
1270 1264 1457 1306 enitescit,

241 1325 305 1373 qui
338 1325 377 1361 in
403 1324 580 1361 fovendis
605 1324 715 1361 bonis
734 1324 882 1361 artibus
902 1323 1162 1372 ornandisque
1183 1323 1458 1361 excellentium

242 1384 411 1420 virorum
434 1383 600 1431 ingeniis
620 1383 717 1420 nulli
738 1395 813 1420 non
827 1383 954 1419 dicam
970 1383 1123 1419 urbium
1138 1382 1208 1420 sed
1221 1394 1269 1419 ne
1283 1382 1459 1431 gentium

241 1443 396 1492 quidem
431 1442 560 1480 studio
591 1442 815 1480 conceditis.
872 1441 924 1478 Hi
950 1453 1078 1479 mores
1098 1441 1227 1487 vestri,
1261 1446 1460 1491 praestan-

241 1502 383 1539 tissimi
415 1501 759 1550 lionestissimique
782 1501 855 1538 viri
876 1501 1097 1550 Lipsenses,
1128 1501 1224 1538 adeo
1256 1512 1317 1538 me
1349 1500 1459 1538 vobis

243 1561 316 1598 iam
348 1561 499 1610 pridem
531 1561 802 1607 devinxerunt,
836 1565 879 1597 ut
909 1560 1065 1597 assidue
1095 1572 1250 1598 mecum
1281 1560 1460 1608 cogitem,

242 1632 317 1669 quo
355 1632 441 1657 meo
478 1620 610 1657 labore
648 1620 823 1669 meisque
855 1619 1001 1668 vigiliis
1036 1631 1177 1656 nomen
1208 1619 1459 1668 Lipsensium

240 1679 382 1729 alioqui
415 1691 484 1729 per
517 1691 559 1717 se
590 1679 754 1716 inlustre
787 1679 880 1716 satis
911 1678 1123 1725 mansuris,
1162 1682 1205 1716 ut
1235 1678 1287 1715 ita
1319 1678 1457 1724 dicam,

241 1739 399 1776 vocibus
440 1738 600 1776 tradam.
662 1738 787 1787 quue
827 1750 889 1775 me
927 1737 1147 1787 repperisse
1178 1736 1459 1786 propemodum

241 1798 317 1835 iam
349 1797 530 1839 arbitror,
572 1797 640 1835 sed
672 1797 794 1834 donec
825 1796 921 1834 illud
953 1796 1177 1846 parturiam,
1210 1808 1353 1846 quaeso
1384 1796 1458 1833 hoc

243 1861 428 1903 nostrum,
461 1856 533 1893 viri
566 1856 847 1903 humanissimi,
879 1856 929 1893 de
958 1861 1107 1893 vestrae
1139 1855 1247 1893 urbis
1272 1859 1458 1904 apparatu

241 1928 398 1953 carmen
442 1920 570 1953 vestro
614 1915 761 1953 nomini
804 1915 1023 1953 dedicatum
1055 1927 1078 1952 a
1109 1927 1170 1952 me
1211 1926 1287 1952 non
1330 1914 1458 1951 minus

240 1975 423 2023 religiose
467 1987 584 2024 quam
628 1975 661 2011 si
705 1974 828 2012 Musis
872 1974 970 2023 ipsis
1017 1973 1274 2011 dedicandum
1318 1973 1459 2010 fuisset

242 2035 376 2080 fronte,
408 2037 451 2071 ut
471 2033 618 2080 soletis,
649 2045 783 2071 serena
802 2033 922 2082 legite
941 2037 1057 2082 atque
1077 2032 1275 2082 suscipite.
1308 2031 1456 2077 Valete,

242 2093 377 2142 optimi
407 2097 524 2142 atque
555 2092 827 2130 humanissimi
847 2092 920 2129 viri
939 2092 1160 2141 Lipsenses,
1192 2095 1231 2128 et
1253 2102 1315 2128 me
1336 2090 1456 2128 vestri

242 2152 408 2199 honoris,
441 2151 618 2198 nominis,
646 2151 846 2200 dignitatis
870 2151 1200 2188 studiosissimum
1220 2149 1328 2186 vobis
1353 2161 1458 2186 com-

241 2211 463 2249 mendatum
493 2211 640 2248 habete.
686 2212 798 2248 Anno
824 2209 996 2248 MDIIII.
1029 2209 1114 2247 XV.
1135 2209 1181 2246 K.
1207 2208 1455 2246 Novembres.
