1640 2650
573 175 761 210 EOBANVS,
792 175 1026 201 nonmEnGA.
1390 164 1409 200 1
1420 165 1440 200 7

221 293 272 331 Et
302 293 417 331 liceat
447 293 545 330 falso
576 300 775 342 portarum
806 293 961 330 nomine
993 296 1121 330 turres

223 352 332 390 Sicut
364 352 588 390 Maeonidae
621 352 730 389 nobis
763 364 917 401 quoque
950 351 1079 389 dicere
1112 352 1248 401 duplo:

221 411 423 449 Vincimus
454 415 493 449 et
523 411 630 448 nullo
661 411 830 459 tegimus
862 411 1062 448 mendacia
1094 411 1192 448 fuco.

149 477 202 504 2⁴50
282 469 384 518 Quid
415 483 515 508 nova
546 483 649 508 nunc
681 470 806 507 dicam
839 471 1039 519 surgentia
1072 470 1231 514 moenia,
1265 474 1430 520 quantae

221 529 456 568 Accrescant
486 530 609 567 veteri
641 530 774 576 moles,
807 542 905 579 quae
937 530 1073 566 robora
1104 531 1240 567 111111οῬ

220 588 451 638 Magnorum
483 589 628 635 videas,
661 589 768 625 dicas
801 601 919 638 opera
950 601 1036 626 esse
1068 589 1269 637 gigantum

222 647 440 697 Cyclopum
471 648 655 685 fabricata
688 660 805 685 manu
837 653 1069 697 veteresque
1102 648 1258 697 putabis

220 706 296 744 Hic
326 707 469 745 iterum
500 707 624 744 muris
656 707 898 745 circumdare
930 707 1032 744 velle
1064 707 1261 755 Mycenas.

149 774 201 800 2⁴57>
223 765 325 813 Quid
356 766 492 816 loquar
522 770 706 815 aequatas
739 766 860 803 valles
893 770 1123 816 montesque
1155 767 1300 804 recisos

222 825 523 874 Translatosque
554 825 630 862 alio
662 826 843 873 tumulos,
877 838 924 863 116
957 826 1157 863 moenibus
1190 826 1297 864 urbis

223 883 430 922 Obstarent
461 885 680 933 damnoque
711 885 846 931 forent,
881 885 915 922 si
945 885 1121 933 perfidus
1153 885 1276 923 1108118

225 941 397 992 Occupet
427 955 472 980 ac
503 943 665 981 tumulis
697 943 906 993 protectior
938 944 1096 981 incubet
1128 944 1240 981 urbi?

152 1009 223 1044 [cjb]
256 1001 367 1049 Quod
398 1002 484 1040 fieri
516 1002 647 1040 divina
679 1007 782 1040 vetet
813 1003 1020 1040 clementia
1052 1007 1091 1041 et
1122 1003 1228 1052 ipsos

150 1069 202 1096 2ῖο
222 1061 307 1098 Hac
338 1061 470 1099 hostes
502 1062 632 1111 potius
665 1062 895 1100 condemnet
927 1062 1036 1100 clade
1069 1063 1279 1099 malorum!

597 1215 694 1253 Arx
725 1215 1003 1265 imperialis.

279 1297 473 1346 Diximus,
506 1298 710 1336 occiduum
743 1311 819 1348 qua
850 1302 959 1348 parte
987 1299 1080 1336 urbs
1101 1300 1229 1348 vergit
1248 1299 1295 1337 ad
1315 1312 1442 1348 axem,

221 1357 363 1395 Arcem
395 1357 530 1395 clivosi
562 1370 680 1407 super
710 1358 788 1395 alto
820 1358 967 1395 vertice
999 1358 1140 1395 montis

220 1415 319 1454 Esse
351 1416 477 1463 sitam,
509 1417 657 1466 positae
689 1429 787 1466 quae
820 1417 990 1466 desuper
1021 1418 1200 1455 imminet
1230 1419 1336 1468 urbi3

221 1475 336 1512 Vnde
366 1479 473 1524 patet
504 1479 604 1513 totos
636 1472 713 1514 late
746 1481 976 1525 prospectus
1007 1477 1047 1513 in
1078 1489 1204 1525 agros,

150 1542 202 1568 215
223 1533 297 1581 Qui
328 1534 437 1572 iuxta
468 1534 693 1584 circumque
725 1539 870 1584 patent,
904 1535 1101 1585 silvasque
1133 1540 1311 1586 patentes

222 1592 536 1643 Claudentesque
568 1594 722 1643 plagam
754 1595 914 1632 turritae
936 1607 1053 1647 more
1087 1608 1261 1633 coronae.

221 1652 295 1689 Illa
324 1652 445 1701 igitur
476 1653 570 1690 celsi
603 1665 767 1702 surgens
798 1666 820 1690 a
852 1654 995 1691 vertice
1026 1655 1169 1692 montis

223 1711 358 1749 Sidera
389 1711 494 1749 celsa
523 1712 620 1761 petit
651 1712 765 1750 tectis
797 1713 980 1762 caeloque
1012 1714 1191 1761 minatur,

221 1771 313 1808 Alta
343 1770 482 1808 domus
514 1783 662 1819 regum,
694 1771 833 1809 domus
864 1772 999 1810 inclita
1032 1773 1209 1810 Caesaris
1241 1773 1346 1817 olim,

150 1836 203 1863 *250
224 1829 323 1867 Cum
354 1830 481 1879 placet
511 1834 549 1868 et
580 1830 758 1879 quotiens
789 1831 958 1869 invisere
989 1832 1132 1869 Norica
1163 1832 1315 1880 magnis

222 1888 374 1926 Moenia
407 1888 647 1937 Caesaribus,
680 1902 847 1939 namque
878 1894 916 1928 et
947 1891 1130 1940 regaliter
1161 1892 1263 1929 omni

222 1947 438 1986 Aedificata
469 1948 582 1986 modo
614 1952 673 1985 est
703 1949 820 1996 intus,
852 1950 945 1987 foris
977 1950 1082 1987 haud
1113 1950 1166 1988 ita
1198 1951 1305 1988 cultu

223 2006 503 2056 Conspicienda
535 2009 629 2056 pari,
663 2008 730 2045 sed
762 2008 802 2045 in
833 2009 906 2046 atri
937 2010 1072 2047 robore
1104 2009 1189 2047 saxi

222 2065 454 2115 Impositum
486 2067 662 2104 consistit
693 2079 791 2116 opus
822 2068 1058 2118 firmumque
1090 2072 1291 2118 vetusque.

151 2132 203 2159 285
222 2124 311 2162 Νο11
342 2137 454 2163 860118
485 2138 530 2163 ac
562 2126 686 2163 medio
719 2139 819 2176 quae
851 2127 1043 2176 prominet
1073 2140 1241 2177 aequore
1273 2140 1390 2177 rupes

222 2183 397 2233 Despicit
428 2187 468 2222 et
498 2189 636 2222 ventos
667 2188 706 2222 et
736 2198 852 2223 rauca
882 2187 1052 2224 tonitrua
1082 2187 1180 2224 caeli

225 2242 275 2279 Vi
306 2243 411 2280 nulla
442 2256 630 2281 concussa
661 2256 733 2282 nec
763 2245 844 2282 ulla
875 2246 1026 2283 mobilis
1058 2250 1160 2283 arte:

224 2301 288 2339 Sic
318 2302 471 2340 firmata
503 2315 572 2340 suo
604 2307 681 2341 stat
710 2304 844 2342 robore
875 2304 1016 2342 Norica
1048 2305 1180 2342 moles.

222 2379 287 2406 Lat.
308 2380 584 2408 Litteraturdenkm.
607 2382 649 2409 12.
1206 2373 1226 2405 2
