1640 2650
143 212 165 248 7
173 212 197 249 Ο
515 219 771 253 ENGENTINVS,
804 218 1050 244 FRIBVRGICA.

213 340 348 389 Vsque
379 339 476 377 adeo
507 338 667 376 artificis
699 350 836 375 111311115
868 342 927 375 est
958 336 1112 374 laudata
1144 335 1268 385 periti,

273 398 449 447 Occupet
480 402 523 435 ut
553 397 680 435 laudis
712 397 819 445 regia
851 396 956 433 nulla
988 396 1126 433 locum.

213 458 320 495 Haeo
352 462 413 495 est
444 457 669 506 Mopsopiae
700 456 850 505 pridem
883 459 1031 493 sacrata
1062 454 1266 500 Minervae,

272 517 363 554 Iura
395 517 466 554 sub
500 516 560 553 his
592 516 706 553 tectis
738 515 904 552 candida
934 514 1063 552 Pallas
1095 513 1220 550 habet.

140 585 193 611 365
214 576 357 613 Ludite
388 576 581 613 formosae
612 575 767 612 chordis
800 573 1079 622 Aganippides,
1111 573 1213 610 istuc

274 635 353 673 Cur
384 635 516 672 tulerit
548 634 659 671 dotes
691 634 780 670 diva
812 633 945 681 virago
978 644 1079 669 51135.

213 695 394 744 Juppiter
426 707 476 731 ex
508 694 585 731 alto
619 693 870 741 surgentibus
902 691 1076 740 undique
1108 690 1230 727 11111115

273 754 505 803 Despiciens
537 752 644 790 caelo
675 752 767 789 talia
797 751 913 789 corde
944 754 1082 788 movet.

214 813 317 850 Eece
348 825 476 850 arcem
507 812 663 861 praesul
695 816 805 848 natae
837 810 993 847 molitur
1023 810 1064 846 in
1095 809 1189 846 urbe

141 880 195 907 370
274 873 403 921 Atque
434 872 561 909 animo
594 883 778 919 magnum
811 870 973 907 condere
1004 868 1126 905 volvit
1157 879 1266 916 opus.

148 926 220 973 [cea]
261 931 458 969 Nimirum
502 931 568 968 ille
609 930 680 967 sibi
726 929 944 979 praesentia
990 927 1147 964 numina
1190 927 1313 964 laetus

275 990 436 1037 Sentiet,
468 994 512 1027 ut
544 989 649 1027 nullo
680 994 855 1038 tempore
886 989 986 1025 facta
1017 991 1143 1024 ruant.

215 1049 317 1087 Hinc
348 1050 422 1087 ait:
457 1049 499 1086 ‘O
533 1061 618 1086 mea
649 1053 749 1095 nata,
780 1048 850 1085 tibi
884 1046 1095 1096 spectabile
1128 1045 1269 1082 donum

276 1108 420 1157 Surgit,
452 1113 491 1146 et
523 1108 563 1145 id
595 1108 774 1144 dominae
807 1108 884 1144 fata
916 1107 1082 1154 benigna
1114 1110 1260 1154 parant.

143 1176 196 1203 375
216 1168 327 1206 Vade
366 1180 455 1216 age,
501 1168 534 1204 si
576 1167 710 1214 libeat7
756 1178 907 1203 5111111110
951 1165 1132 1202 delabere
1182 1163 1286 1200 caelo

276 1227 412 1276 Daque
444 1227 523 1264 tuis
554 1238 693 1264 nomeu
724 1226 886 1263 aedibus
918 1225 1003 1274 ipsa
1034 1235 1190 1260 novum.

217 1286 324 1323 Haec
355 1286 497 1324 etenim
528 1290 566 1323 te
597 1298 689 1322 cura
722 1289 861 1322 movet.
894 1288 960 1321 tua
991 1282 1118 1331 iurgia
1148 1281 1250 1318 divis

276 1345 373 1383 Cum
406 1345 536 1394 pelagi
568 1344 762 1394 quondam
795 1348 885 1381 sunt
917 1342 1119 1380 manifesta
1150 1341 1233 1378 deo.

217 1404 326 1442 Hanc
369 1404 538 1453 palmam
590 1404 727 1453 eripiet
774 1415 903 1449 nemo,
946 1400 1122 1439 victricia
1172 1399 1261 1437 belli

145 1471 198 1497 380
277 1463 442 1512 Saepius
473 1476 579 1500 arma
610 1463 679 1500 tibi
711 1462 812 1512 quod
846 1472 1032 1511 peperere
1064 1458 1208 1496 decus]

218 1523 291 1560 Illa
357 1523 425 1559 diu
488 1523 585 1560 tales
650 1526 824 1559 versarat
889 1524 1044 1570 pectore
1113 1529 1226 1555 curas

277 1581 479 1631 Saepeque
510 1581 673 1618 tentavit
705 1581 914 1618 sollicitare
947 1585 1106 1628 patrem.

217 1641 336 1678 Laeta
366 1641 446 1678 abit
475 1645 513 1678 et
545 1652 688 1677 munus
721 1640 825 1677 subit
857 1639 1029 1676 officiosa
1060 1641 1280 1686 paternum3

277 1699 417 1737 Dulcia
448 1700 665 1748 virgineum
696 1699 839 1747 gaudia
870 1702 1006 1747 pectus
1037 1696 1156 1734 alunt.

146 1767 199 1793 385
219 1759 400 1797 Protinus
432 1759 650 1807 ingreditur
681 1770 842 1807 superas
875 1757 1033 1806 delapsa
1064 1767 1133 1804 per
1163 1765 1275 1791 auras

278 1817 465 1855 Praesule
497 1818 656 1855 delicias
687 1817 846 1866 auspice
878 1816 966 1853 diva
998 1826 1130 1852 novas.

219 1877 490 1926 Mansurisque
521 1877 628 1914 dedit
660 1876 878 1914 venerabile
915 1886 1053 1912 nomen
1084 1871 1258 1917 Athenis,

280 1936 321 1974 Si
352 1938 482 1974 forsan
513 1936 680 1985 Sophiae
712 1935 859 1973 dixeris
890 1946 976 1972 esse
1008 1933 1178 1970 domum.

220 1995 293 2032 Hic
324 1996 466 2044 quibus
497 2000 557 2033 est
588 1998 752 2043 angusta
784 1994 887 2031 domi
918 1993 1126 2041 tenuisque
1158 1989 1346 2039 supellex7

149 2062 202 2088 390
280 2054 433 2092 Bisseni
465 2058 625 2092 externa
657 2066 811 2102 semper
841 2053 999 2090 aluntur
1030 2062 1114 2100 ope.

221 2113 353 2150 Donec
392 2114 439 2151 ab
483 2113 638 2162 expleto
681 2112 795 2150 liceat
838 2111 1028 2149 decedere
1071 2109 1181 2151 ludo,

280 2172 334 2209 Vt
366 2185 453 2209 cum
486 2172 654 2210 victores
686 2171 798 2209 docta
829 2171 1022 2220 palaestra
1052 2168 1169 2205 videt,

152 2238 227 2273 [03¹1]
257 2231 348 2269 Iura
378 2235 510 2269 tenent
542 2231 661 2268 vitam
694 2234 924 2279 sanctosque
955 2227 1133 2266 docentia
1164 2237 1291 2263 mores

269 2290 320 2328 Et
350 2302 514 2339 quorum
547 2289 704 2339 praesul
736 2289 912 2326 conditor
943 2288 1026 2337 ipse
1057 2286 1141 2323 fuit.

150 2349 291 2387 effu->Vos
323 2350 453 2398 igitur,
486 2349 625 2398 quibus
658 2348 786 2397 ampla
818 2351 923 2396 patet
951 2347 1090 2384 domus
1122 2345 1205 2393 ipsa
1231 2343 1436 2390 Minervae,
