1640 2650
289 379 434 428 scripta
459 378 711 427 circumferri,
743 391 819 416 non
839 382 969 416 tamen
989 378 1085 416 adeo
1106 390 1191 415 sum
1213 390 1259 416 ea
1277 377 1510 426 indignitate

288 441 521 484 commotus,
561 442 604 475 ut
642 439 688 475 ob
727 438 799 475 hoc
836 438 920 487 ipse
958 450 1019 475 me
1057 437 1105 475 ad
1138 437 1385 475 scribendum
1417 448 1507 474 con-

287 498 446 544 ferrem,
495 497 560 546 qui
603 498 720 546 probe
762 497 1031 545 intellegerem
1069 497 1168 534 tales
1206 496 1323 533 libros
1364 508 1435 533 nec
1473 495 1507 533 si

229 563 320 598 [aiija]
353 556 533 605 legantur
563 556 714 594 adferre
741 556 949 605 quicquam
976 556 1120 605 gloriae
1149 568 1220 593 nec
1243 556 1274 593 si
1294 550 1508 609 con-{tem-

245 623 261 649 5

232 919 264 945 lo

231 1215 264 1241 15

231 1510 265 1537 20

233 2101 268 2127 30

234 2396 269 2423 35

288 619 428 652 nantur
474 615 771 653 existimationis
812 615 959 665 aliquid
1007 615 1208 653 detrahere
1255 626 1389 664 posse,
1437 614 1507 652 sed

288 674 413 723 magis
445 675 637 712 animatus
671 674 850 723 exemplo
877 674 1037 712 honesto
1066 674 1280 711 doctissimi
1312 673 1507 723 quondam

289 733 360 770 viri
392 738 508 783 atque
539 733 819 782 elegantissimi
851 738 987 783 poetae
1020 733 1206 771 Chunrati
1240 732 1361 770 Celtis
1399 733 1508 769 urbis

289 796 440 830 vestrae
481 793 712 841 dignitatem
745 792 983 842 gloriamque
1015 792 1192 830 versibus
1224 791 1506 829 inlustrandam

288 851 384 889 mihi
416 852 628 901 desumpsi.
680 851 921 901 Quamquam
954 863 1045 889 vero
1078 850 1201 889 Celtis
1233 850 1346 899 longe
1369 850 1509 887 fuisset

289 911 395 948 aliud
416 924 438 948 a
457 923 544 948 meo
575 911 815 960 propositum
849 911 949 948 sicut
974 911 1065 948 item
1089 910 1193 947 aliud
1219 922 1342 958 genus
1363 909 1508 958 scripti,

288 974 419 1007 tamen
474 982 563 1007 cum
617 970 887 1018 intellegerem
943 969 1210 1007 huiuscemodi
1266 968 1508 1017 ingeniorum

289 1033 542 1067 monumenta
586 1029 692 1066 mille
739 1029 892 1067 casibus
937 1028 1113 1078 exposita
1157 1040 1243 1066 esse
1286 1032 1324 1065 et
1368 1027 1509 1066 Celtim

288 1088 418 1137 ipsum
451 1100 523 1125 nec
556 1088 762 1137 scripsisse
794 1088 922 1126 onmia
949 1092 987 1126 et
1013 1088 1196 1137 pleraque
1226 1087 1395 1124 nondum
1418 1090 1510 1124 nata

292 1147 461 1185 scribere
481 1160 556 1184 non
578 1147 762 1196 potuisse,
790 1147 1060 1185 existimabam
1083 1150 1121 1184 et
1141 1159 1212 1195 ego
1232 1159 1294 1184 me
1314 1147 1508 1183 facturum

291 1219 431 1256 operae
457 1207 634 1256 pretium,
668 1207 699 1243 si
732 1210 811 1244 tam
844 1219 888 1244 ea
920 1219 1018 1256 quae
1050 1206 1270 1255 scripsisset
1295 1205 1359 1242 ille
1391 1217 1508 1254 quam

292 1278 390 1315 quae
430 1278 506 1303 non
551 1266 792 1315 scripsisset,
835 1266 987 1303 heroico
1025 1265 1196 1303 carmine
1233 1266 1399 1302 facerem
1431 1275 1509 1301 non

289 1325 404 1374 paulo
442 1325 674 1362 inlustriora.
718 1324 819 1362 Nam
850 1325 939 1372 hoc,
978 1328 1021 1361 ut
1051 1323 1250 1370 existimo,
1289 1335 1374 1360 meo
1413 1322 1509 1359 mihi

290 1384 374 1421 iure
412 1384 566 1433 gloriari
608 1384 700 1421 licet
738 1385 902 1421 multum
942 1383 1040 1421 lucis
1071 1383 1187 1420 huius
1225 1382 1332 1419 urbis
1363 1381 1509 1430 gloriae

291 1455 340 1480 ex
379 1443 475 1481 meis
507 1443 683 1480 versibus
723 1443 952 1489 accessisse,
994 1454 1069 1479 11011
1110 1442 1200 1491 qnia
1236 1453 1313 1478 non
1351 1440 1509 1478 aliunde

291 1514 444 1552 quoque
481 1502 543 1539 vel
575 1502 782 1540 accesserit
813 1502 889 1539 iam
920 1505 1009 1539 ante
1041 1501 1102 1539 vel
1132 1501 1317 1538 accedere
1349 1499 1508 1537 cottidie

291 1561 434 1611 possit,
486 1561 556 1599 sed
607 1561 695 1610 quia
747 1561 1059 1599 doctissimorum
1104 1560 1273 1597 virorum
1323 1559 1508 1596 iudicium

291 1632 444 1670 semper
481 1621 555 1658 fuit
596 1620 702 1657 nullo
733 1620 807 1657 alio
839 1632 979 1669 genere
1011 1619 1145 1668 scripti
1176 1631 1299 1668 aeque
1331 1618 1507 1656 stabilem

292 1684 331 1717 et
362 1684 506 1718 certam
547 1679 692 1728 gloriae
733 1679 1019 1728 possessionem
1056 1691 1101 1715 ac
1138 1678 1306 1716 carmine
1346 1677 1507 1726 adquiri,

293 1739 355 1776 vel
387 1738 490 1788 quod
521 1738 678 1776 liberior
710 1739 761 1776 sit
791 1738 831 1775 in
863 1739 937 1776 hoc
968 1750 1109 1786 genere
1133 1737 1246 1775 stilus
1266 1740 1304 1774 et
1323 1739 1509 1784 evagetur

231 1807 246 1832 ⁴.
291 1798 408 1835 latius
452 1810 574 1847 eaque
617 1797 799 1835 inlustret
843 1802 882 1835 et
926 1797 1069 1845 erigat,
1119 1808 1218 1846 quae
1263 1795 1295 1833 si
1340 1795 1509 1832 oratione

291 1869 406 1906 prosa
446 1857 631 1905 attingas,
676 1857 825 1894 iaceant
865 1861 903 1894 et
941 1856 1051 1905 quasi
1090 1868 1160 1893 sua
1198 1867 1240 1892 se
1277 1854 1510 1892 obscuritate

292 1912 520 1954 subtrahant
551 1928 596 1953 ac
627 1921 815 1964 premant,
852 1915 913 1953 vel
946 1915 1049 1964 quod
1080 1914 1291 1952 aeterniora
1323 1917 1510 1962 putantur

292 1987 389 2022 esse,
410 1986 680 2024 quaecumque
700 1975 798 2012 bono
812 1979 990 2024 poemate
1014 1978 1106 2011 sunt
1125 1973 1329 2022 descripta.
1368 1971 1508 2018 Quam-

294 2046 410 2083 quam
430 2046 521 2071 vero
554 2046 797 2083 nequaquam
830 2033 984 2082 gloriari
1011 2033 1156 2082 possim
1187 2033 1285 2070 bona
1304 2043 1391 2069 esse
1411 2042 1508 2079 quae

296 2093 460 2131 scribam
502 2096 694 2141 poemata,
735 2092 910 2142 polliceri
948 2092 1042 2129 mihi
1079 2095 1209 2129 tamen
1241 2094 1345 2128 certo
1378 2089 1511 2127 videor

292 2164 408 2201 posse
428 2164 503 2189 non
523 2151 576 2189 ita
596 2151 724 2189 statim
744 2156 860 2200 atque
879 2151 953 2188 alia
975 2151 1158 2200 pleraque
1176 2149 1389 2196 interitura,
1410 2160 1510 2198 quae

293 2223 365 2259 ego
403 2210 559 2260 quidem
594 2211 742 2258 nescio,
780 2222 827 2247 an
860 2214 997 2248 natura
1028 2209 1107 2247 ulla
1138 2209 1246 2256 bona,
1279 2220 1371 2246 cura
1402 2211 1511 2245 certe

294 2270 416 2307 multa
467 2269 672 2319 studioque
722 2269 899 2317 diligenti
948 2269 986 2306 in
1038 2272 1207 2306 vestram
1257 2266 1420 2316 gratiam
1471 2269 1510 2303 et

295 2329 477 2366 honorem
520 2328 646 2373 urbis,
688 2328 750 2365 cui
791 2332 945 2376 gratum
987 2327 1190 2365 ostendere
1227 2338 1290 2364 me
1322 2325 1510 2372 volebam,

296 2387 489 2426 elaboravi
518 2387 591 2425 hoc
612 2387 726 2424 simul
746 2387 948 2435 indignum
969 2386 1154 2433 iudicans,
1186 2397 1275 2423 cum
1294 2384 1511 2434 permultos
