1640 2650
166 189 220 225 40
580 201 766 233 EOBANVS,
798 201 1031 227 NORIBERGA.

236 318 456 356 Dummodo
487 331 552 356 res
583 323 751 364 constet;
784 320 894 357 nobis
926 332 1030 357 nunc
1060 320 1354 357 xenodocheum

165 387 217 412 2³30
236 378 395 424 Adrisit,
429 378 621 428 siquidem
655 390 768 416 versu
801 378 951 416 riderer
981 379 1122 428 inepto,

238 437 278 475 Si
311 438 559 475 nosocomion
591 437 779 475 dixissem
811 442 879 475 aut
910 438 1191 485 nosocomeion,

238 496 286 534 Et
317 497 439 534 ferme
470 497 531 534 his
563 497 707 534 desunt
738 497 910 535 Romana
941 497 1126 535 vocabula
1157 498 1283 535 rebus.

237 555 309 593 Illa
340 556 461 604 igitur
491 556 629 593 domus
661 557 699 593 in
732 556 817 605 ripa
848 556 1086 605 Pegnesidos
1118 557 1243 594 undae

240 615 342 652 Vrbe
375 615 448 652 sita
480 619 541 652 est
573 615 708 662 media,
741 616 871 664 specie
904 616 1174 664 pulcherrima,
1208 620 1366 665 sumptu

166 683 217 707 vsi-3
238 674 464 724 Splendida,
497 678 692 712 structura
722 675 903 723 insignis,
936 688 1011 724 quo
1044 675 1197 712 nomine
1229 687 1458 723 magnorum

239 734 404 771 Arcibus
436 734 723 783 aequiparanda
754 734 910 781 ducum,
943 747 1029 771 nam
1062 746 1203 783 magna
1233 737 1406 771 vetustae

239 793 416 830 Accessit
447 793 579 830 domui
611 805 702 842 pars
734 805 868 842 nuper,
900 798 943 830 ut
973 794 1138 842 amplior
1169 797 1272 831 esset

238 853 367 902 Atque
399 864 521 901 capax
553 852 753 889 hominum
784 853 920 901 magis,
954 857 996 890 ut
1027 853 1291 890 crescentibus
1322 852 1434 890 annis

187 929 191 933 ·
239 911 387 949 Crescit
417 916 456 948 et
487 912 656 949 urbanae
689 912 810 949 maior
842 912 884 949 fit
915 912 1025 961 copia
1058 913 1203 950 turbae.

166 980 217 1004 940
238 972 366 1020 Atque
397 970 483 1008 ideo
514 971 648 1020 plures
679 971 806 1009 etiam.
839 983 936 1021 quos
968 971 1090 1008 tristis
1122 975 1276 1020 egestas

239 1028 433 1079 Opprimit
463 1034 531 1067 aut
561 1031 693 1068 morbo
725 1030 900 1080 populati
933 1031 1105 1080 corporis
1135 1035 1243 1068 artus

239 1089 475 1134 Destituunt,
508 1102 579 1127 nec
610 1102 702 1127 cura
733 1090 837 1127 domi
869 1090 971 1138 potis
1004 1090 1083 1127 11113
1114 1090 1245 1127 levare
1277 1094 1347 1135 est,

239 1148 339 1195 Quin
371 1154 531 1198 pereant
563 1149 776 1198 dulcesque
808 1149 1028 1199 relinquant
1059 1148 1217 1186 luminis
1248 1161 1363 1186 auras

239 1208 369 1245 Rebus
400 1208 440 1244 id
473 1208 650 1256 angustis
681 1213 719 1245 et
751 1209 849 1246 dura
880 1212 985 1246 sorte
1017 1208 1149 1246 coacti.

167 1276 218 1301 1³45
239 1267 289 1304 Ni
321 1267 396 1305 cito
429 1267 622 1315 magnifici
655 1268 778 1316 pietas
809 1267 983 1304 animosa
1016 1276 1172 1304 senatus

239 1326 433 1375 Suscipiat
464 1339 673 1376 curamque
704 1327 790 1364 aliis
822 1339 975 1376 quoque
1007 1326 1164 1364 mandet
1195 1326 1337 1367 haberi,

239 1385 311 1433 Qui
338 1385 470 1423 domui
496 1390 692 1434 praesunt,
725 1398 890 1435 quorum
917 1386 1056 1423 domus
1082 1385 1261 1423 omnibus
1286 1389 1375 1434 apta
1398 1389 1458 1422 est

240 1445 320 1482 Ista
352 1444 565 1482 ministerio
597 1445 752 1482 miseris
784 1449 823 1482 et
853 1445 1059 1494 egentibus
1089 1444 1229 1493 aegris.

239 1504 411 1551 Quorum
443 1504 584 1552 ingens
616 1516 813 1550 numerus,
846 1517 944 1554 quae
972 1516 1126 1553 semper
1151 1504 1320 1541 maxima
1346 1504 1459 1541 turba

168 1573 220 1597 5⁹51>
241 1563 469 1612 Sumptibus
500 1563 704 1601 immensis
735 1564 862 1609 alitur,
895 1564 962 1601 sed
995 1568 1034 1601 et
1064 1568 1146 1600 arte
1178 1562 1356 1600 medendi

239 1622 445 1660 Praeditus
476 1623 623 1671 ingenti
655 1623 885 1660 conducitur
915 1635 1002 1660 aere
1033 1622 1233 1667 Machaon,

241 1682 315 1729 Qui
346 1682 452 1719 levet
481 1682 647 1729 auxilio,
680 1682 821 1731 quibus
853 1686 913 1720 est
944 1694 1053 1731 opus,
1086 1686 1201 1731 atque
1233 1682 1286 1718 ita
1318 1688 1459 1718 servet.

170 1750 255 1783 [fiijb]
296 1740 401 1788 Quos
433 1741 578 1790 patitur
610 1753 762 1779 servare
794 1741 922 1779 (1313111
955 1745 1091 1778 natura
1122 1753 1192 1790 per
1221 1744 1356 1778 artem.

241 1801 387 1838 Vsibus
418 1800 468 1837 iis
500 1812 686 1849 praesens
718 1805 761 1838 ut
793 1800 843 1838 sit
874 1800 1076 1846 medicina,
1109 1800 1180 1837 sub
1213 1799 1310 1848 ipsis

169 1869 220 1894 9552
242 1860 413 1898 Aedibus
443 1859 639 1896 adiectum
671 1863 733 1897 est
764 1871 839 1897 non
872 1858 1227 1909 pharmacopolium
1261 1858 1329 1895 ulli

241 1919 434 1965 Deterius,
467 1922 584 1956 totam
619 1931 719 1968 quae
752 1923 843 1956 sunt
874 1930 951 1956 non
983 1930 1105 1967 pauca
1137 1930 1206 1967 per
1238 1918 1382 1954 urbem.

396 2071 639 2121 Templum
672 2072 978 2109 xenodocheo
1010 2071 1234 2109 iunctum.

242 2155 314 2192 His
345 2155 459 2192 etiam
491 2154 719 2192 adiunctum
756 2155 946 2204 templum
977 2158 1090 2192 vetus
1127 2153 1288 2191 aedibus
1327 2154 1463 2190 haeret-

242 2213 327 2251 Non
359 2219 438 2252 tam
471 2214 572 2251 mole
605 2225 675 2251 sua
705 2218 772 2250 aut
804 2213 882 2250 ulla
914 2212 1164 2251 memorabile
1194 2224 1321 2259 causa,

243 2272 367 2320 Quam
399 2272 502 2322 quod
534 2272 731 2322 reliquias,
764 2284 861 2322 quas
892 2272 1067 2309 diximus
1097 2275 1197 2318 ante,
1229 2274 1409 2319 receptas

170 2341 223 2366 9131»
243 2332 422 2370 Continet
453 2336 492 2369 et
524 2331 783 2369 Romanorum
816 2331 1032 2368 diademata
1064 2342 1212 2379 regum,
