1640 2650
583 206 769 241 EossAst,
801 206 1036 232 NomssERGA.
1394 196 1447 233 35

227 323 366 362 Libera
395 323 621 374 praepediat
652 324 776 373 spatia
805 328 872 362 aut
902 325 1110 362 testudinis
1142 324 1242 363 altae

227 383 403 421 Pondera
434 383 638 432 sustineat3
670 383 796 432 fulget
825 384 1074 433 laquearibus
1105 384 1234 422 aureis

226 441 341 480 Nuda
373 442 609 491 superficies,
640 442 794 491 fastigia
827 454 979 480 summa
1010 443 1187 481 relucent

155 510 208 535 τεο
226 501 384 539 Auratis
414 501 588 539 trabibus
620 502 862 552 connexique
895 501 1033 539 ultima
1064 502 1156 539 tecti

226 560 391 607 Limina,
424 560 609 598 subiectis
641 561 809 598 multum
840 565 900 599 est
930 561 971 598 in
1002 561 1178 611 partibus
1209 574 1358 599 aurum.

157 627 257 662 [eiiija]
286 619 460 657 Plurima
490 620 699 669 parietibus
730 620 882 669 fulgent
912 620 1053 658 decora
1083 620 1214 658 inclita
1244 621 1358 670 pictis

227 678 317 717 Sive
348 679 505 726 ducum,
537 691 635 729 quos
666 679 837 717 iustitiae
868 680 1132 729 pulcherrima
1163 680 1271 718 vexit

226 737 368 785 Gloria,
401 738 483 776 sive
514 738 716 776 hominum
748 751 818 788 per
849 739 1010 776 honesta
1040 739 1222 788 exempla
1254 739 1376 777 beatis

155 805 207 831 783
226 797 613 847 Aequiparandorum
646 798 809 847 superis.
871 798 946 835 Hic
977 798 1043 835 illa
1075 810 1234 836 severae

227 854 405 894 Iustitiae
438 857 550 894 sedes
582 860 622 894 et
652 857 815 906 dignum
846 857 961 894 laude
992 857 1174 904 tribunal,

226 917 261 953 A
293 928 369 966 quo
401 927 514 954 nemo
545 916 679 954 insons
711 928 882 966 unquam
913 916 986 954 nisi
1019 917 1142 954 victor
1173 917 1304 963 abivit,

226 974 351 1012 Nemo
382 987 526 1013 nocens
557 987 730 1025 unquam
763 976 889 1025 potuit
921 976 994 1013 nisi
1026 976 1154 1013 victus
1186 976 1302 1014 abire.

226 1034 341 1072 Parte
371 1033 446 1071 alia
477 1034 565 1082 (nec
596 1035 700 1072 enim
733 1035 899 1084 simplex
931 1035 1070 1072 domus
1095 1035 1163 1073 illa
1187 1047 1258 1073 nec
1278 1048 1354 1073 una
1373 1041 1447 1085 est)

155 1100 207 1126 790
226 1093 398 1130 Maxima
428 1093 642 1142 porticibus
675 1098 840 1142 surgunt
872 1094 1070 1131 conclavia
1100 1094 1191 1132 latis

225 1152 353 1201 Digna
384 1152 501 1190 deum
532 1153 709 1202 dapibus,
740 1165 879 1202 regum
911 1153 1141 1202 dignissima
1172 1154 1335 1191 mensis:

226 1211 319 1249 Tam
352 1215 443 1249 sunt
474 1212 681 1261 magnifico
713 1219 823 1262 parte
855 1213 958 1250 omni
991 1212 1197 1262 splendida
1229 1217 1398 1263 sumptu.

227 1270 322 1308 Tam
352 1271 523 1309 iucunda
553 1284 714 1320 gravem
746 1272 992 1310 commendat
1023 1272 1146 1321 gratia
1177 1272 1327 1310 luxum.

224 1330 395 1368 Pulchra
427 1330 508 1368 suis
539 1331 674 1369 videas
706 1331 860 1380 fulgere
892 1335 1107 1369 toreumata
1140 1331 1273 1380 signis,

154 1396 205 1421 795
224 1388 307 1427 Nec
338 1393 419 1427 tam
448 1390 550 1427 facta
581 1402 699 1427 manu
730 1402 844 1440 quam
879 1396 1016 1440 sponte
1047 1394 1160 1428 enata
1190 1391 1350 1440 putaris.

225 1447 309 1486 Nec
339 1448 481 1486 desunt
512 1449 676 1496 tabulae,
709 1449 908 1499 praeclara
940 1462 1056 1499 opera
1086 1450 1347 1488 excellentum

226 1507 431 1545 Artificum
462 1508 688 1558 positaeque
718 1508 816 1547 alios
848 1509 980 1546 icones
1011 1509 1051 1546 in
1082 1521 1203 1547 annos

227 1565 427 1604 Clarorum
458 1567 632 1613 heroum,
665 1579 763 1617 quos
796 1568 997 1605 maiestate
1028 1568 1220 1606 verendos

226 1625 408 1663 Maiestas
439 1626 529 1675 plus
560 1626 644 1676 ipsa
675 1627 749 1664 loci
781 1627 1037 1674 commendat,
1070 1631 1113 1664 ut
1143 1632 1271 1665 autem

154 1691 206 1717 800
225 1684 400 1722 Plurima
429 1689 669 1734 praeteream
701 1697 776 1723 non
808 1686 871 1724 his
903 1686 1066 1724 dicenda
1099 1686 1289 1724 Camenis.

227 1742 328 1790 Quid
360 1744 490 1792 gravis
522 1744 711 1782 eximium
742 1745 879 1795 loquar
909 1746 1114 1794 augustale
1146 1748 1326 1783 senatus?

226 1801 311 1849 Quo
343 1814 452 1841 sacer
481 1803 548 1841 ille
579 1808 733 1853 patrum
765 1804 907 1842 chorus
938 1810 978 1842 et
1008 1805 1249 1843 clarissimus
1281 1805 1374 1843 ordo

226 1861 395 1899 Confluit
424 1867 463 1899 et
495 1863 657 1900 summis
687 1863 834 1901 urbana
863 1864 1017 1912 negotia
1050 1864 1154 1902 curis

225 1920 368 1958 Versat
398 1926 436 1958 et
466 1927 628 1971 aequata
659 1922 817 1959 metitur
847 1927 986 1961 cuncta
1016 1923 1168 1961 bilance

154 1988 205 2013 805
225 1979 401 2018 Pondera
432 1980 638 2018 caeliferos
670 1981 910 2020 delassatura
942 1981 1140 2031 Gigantas.

226 2038 303 2077 Sed
334 2043 463 2077 tamen
494 2040 558 2077 hic
589 2040 707 2077 nolim
740 2040 921 2078 disertior
950 2053 1036 2079 esse
1068 2041 1201 2088 videri,

225 2097 284 2136 Ne
315 2098 441 2135 malus
472 2099 671 2140 obtrectet,
705 2099 804 2137 sicut
836 2100 932 2138 solet
963 2101 1091 2138 omnia
1122 2101 1220 2138 livor

156 2164 260 2199 [eiiijb]
287 2157 473 2205 Forsitan,
505 2163 544 2195 et
574 2170 730 2196 causam
763 2158 867 2196 dicat
898 2160 1097 2209 quaesisse
1129 2160 1282 2198 serendi

226 2216 396 2254 Auribus
426 2216 594 2255 incautis
625 2217 760 2254 fucum
791 2218 970 2256 facientia
1001 2219 1127 2256 verba.

155 2282 207 2309 810
225 2274 309 2312 Hoc
340 2278 518 2313 metuens
549 2276 604 2313 nil
635 2276 811 2323 adiciam,
844 2277 899 2315 nil
928 2278 1099 2327 amplius
1129 2278 1281 2324 addam,

225 2333 305 2371 Vix
335 2335 451 2372 etiam
481 2335 577 2373 haec
607 2347 726 2373 ausus
757 2336 893 2385 paucis
924 2337 1116 2386 attingere
1147 2337 1289 2375 verbis.

1185 2417 1224 2450 3*
