1640 2650
153 209 174 245 6
183 208 204 245 G
524 217 779 253 ENGENvas,
810 217 1057 243 FRJBVRGICA.

223 336 392 374 Consilio
424 336 611 375 claudunt
643 336 802 374 sceleris
834 347 974 385 capere
1005 347 1112 372 arma
1143 334 1324 382 ministri,

283 396 381 434 Cum
413 408 492 433 nox
525 395 675 433 sidereo
708 395 856 433 lumine
889 395 992 432 clara
1022 395 1123 431 foret

222 455 505 505 Incensamque
537 455 645 504 prius
676 454 844 492 flammis
875 453 1012 491 ardere
1044 453 1237 500 viderent,

283 514 348 553 Sic
378 519 509 552 actum
542 526 656 552 saeva
687 513 906 563 proditione
938 512 1021 550 fuit.

151 581 202 608 225
223 573 254 612 O
292 574 443 611 facinus
485 573 645 611 crudele
689 573 816 620 nimis,
862 572 979 609 fatale
1026 571 1251 620 sepulcrum

282 633 371 671 Nox
404 645 538 670 somno
571 632 769 681 oppressis
802 644 878 669 una
909 631 1046 668 datura
1075 630 1161 668 fuit.

223 692 362 730 Inclita
400 692 513 730 volve
553 692 682 729 animo
724 691 924 740 pereuntis
965 689 1117 727 moenia
1157 689 1294 727 Troiae

283 752 412 801 Atque
443 752 546 789 istnc
578 751 724 800 pariter
755 750 881 788 tristia
913 760 1091 799 quaeque
1122 749 1234 786 refer.

223 811 309 849 Non
354 811 499 848 maiora
542 822 714 859 unquam
759 809 900 847 saeclis
943 808 1075 846 audita
1117 808 1294 854 vetustis,

152 878 204 904 230
282 869 384 908 Nam
416 870 490 907 fuit
520 870 698 907 abstruso
730 881 792 906 res
824 867 1046 918 peragenda
1077 867 1176 904 dolo.

178 925 182 929 ⁴
225 930 302 968 Sed
346 929 488 967 melius
532 932 659 966 tantos
703 928 783 965 divi
827 939 1019 977 aspexere
1063 931 1236 975 penates⁷

285 988 466 1038 Curaque
499 988 702 1026 servandis
734 987 897 1025 dextera
929 986 1047 1024 rebus
1079 990 1170 1023 erat.

226 1049 327 1085 Ante
378 1047 520 1085 etenim
577 1052 732 1096 tempus
783 1046 901 1084 subiti
948 1049 1108 1094 patuere
1157 1045 1326 1091 furores7

285 1107 446 1156 Iamque
480 1107 593 1153 faces7
626 1118 740 1143 arcus
772 1110 989 1154 cunctaque
1021 1104 1098 1142 tela
1127 1104 1266 1141 iacent.

154 1175 205 1201 235
227 1168 277 1204 At
339 1166 434 1215 vigil
507 1171 702 1203 extremas
770 1164 911 1213 infligit
978 1163 1084 1201 curia
1151 1174 1296 1212 poenas

284 1226 328 1263 In
361 1229 467 1263 tanto
499 1225 654 1274 prensis
685 1225 769 1262 iure
802 1224 951 1261 sinente
983 1223 1094 1260 malo.

227 1285 349 1323 Saeva
381 1284 531 1323 animos
563 1284 733 1333 produnt
764 1283 832 1331 (ita
863 1283 937 1331 fas)
968 1285 1157 1319 tormenta
1188 1281 1350 1327 feroces⁷

286 1344 413 1393 Digna
445 1343 550 1392 capit
581 1343 729 1380 meritis
760 1341 930 1391 praemia
963 1341 1128 1390 quisque
1162 1340 1254 1377 suis.

157 1411 233 1445 [1³4³]
270 1403 375 1451 Ergo
421 1403 518 1440 sacm'
563 1402 721 1450 vigeant
765 1400 970 1450 praeconia
1013 1399 1076 1437 dia
1120 1403 1287 1437 senatus.

155 1471 208 1497 240
289 1462 441 1500 Floreat
471 1461 677 1499 exstinctis
709 1461 803 1498 urbs
836 1460 933 1497 bene
964 1463 1049 1496 tuta
1080 1458 1190 1495 dolis.

228 1521 431 1559 Laetitiam
494 1520 591 1558 salvi
652 1520 771 1557 variis
833 1518 1027 1557 ostendite
1088 1517 1210 1564 ludis,

289 1580 465 1618 Gaudeat
496 1580 622 1617 ablata
654 1579 795 1617 femina
826 1578 965 1627 virque
997 1577 1072 1614 lue.

229 1641 303 1677 Hic
336 1641 503 1677 formosa
534 1639 672 1676 habeat
703 1638 837 1675 faciles
870 1637 1064 1685 Cytherea
1094 1636 1265 1682 choreas³

288 1699 364 1736 Hic
397 1699 573 1737 Charites
604 1698 734 1735 videat
764 1697 1058 1745 virgineumque
1090 1695 1262 1732 chorum.

158 1767 209 1792 ‘245
229 1758 384 1797 Nectite
445 1757 619 1806 Brisgois
698 1756 875 1794 florentia
955 1759 1058 1793 serta
1131 1753 1272 1803 puellis

291 1817 340 1855 Et
371 1817 496 1863 viridi,
529 1816 749 1865 Nymphae,
781 1815 927 1864 cingite
959 1813 1094 1851 fronde
1125 1816 1251 1861 caput.

231 1877 312 1914 Vos
353 1876 467 1914 modo
510 1886 726 1925 purpureos
770 1875 886 1912 flores
929 1873 1092 1919 adferte,
1136 1871 1328 1921 Napaeae,

291 1935 393 1973 Lilia
423 1947 511 1973 cum
543 1934 656 1971 violis
689 1933 853 1971 candida
884 1944 1060 1982 quaeque
1091 1932 1198 1969 ferat.

232 1995 353 2032 Tanta
385 1999 444 2032 est
477 1993 693 2042 virginibus
724 1991 959 2042 praestantis
990 1990 1111 2040 gratia
1142 1990 1299 2036 formae⁷

160 2062 212 2088 250
292 2054 344 2092 Vt
376 2053 526 2103 possint
556 2057 707 2090 vestras
740 2051 948 2089 sollicitare
979 2061 1129 2087 manus.

231 2113 305 2151 Ille
337 2113 452 2150 decor
483 2111 678 2162 quondam
710 2110 841 2160 parvis
872 2109 1089 2148 communis
1119 2106 1320 2157 Hypaepis

292 2172 443 2210 Extulit
474 2171 515 2208 in
546 2174 677 2208 nostra
708 2169 864 2220 plenius
895 2169 989 2206 urbe
1020 2171 1147 2217 caput.

232 2231 356 2269 Nemo
389 2230 535 2268 Cnidon
566 2229 709 2276 laudet,
741 2228 910 2278 Paphias
940 2226 1174 2265 contemnite
1205 2228 1360 2271 matres⁷

294 2290 447 2328 Iactitet
477 2301 564 2327 aere
596 2300 753 2337 gravem
786 2299 900 2325 nemo
932 2286 1169 2324 Amathunta
1200 2295 1279 2321 suo.

162 2358 214 2384 255
235 2349 365 2399 thue
398 2348 490 2386 satis
521 2359 652 2385 roseas
683 2346 928 2384 commendat
958 2346 1080 2383 forma
1110 2342 1270 2394 puellas,
