1640 2650
617 194 803 229 EossAst,
834 194 1067 220 NORLBERGA.
1427 184 1450 219 3
1459 183 1480 219 9

264 312 430 350 Transiit
461 313 573 350 hasta
603 313 716 358 latus,
750 325 824 350 non
856 312 1094 361 aspernanda
1128 312 1300 361 profecto

264 371 434 419 Munera,
468 371 537 409 sed
570 371 789 409 veneranda
816 371 943 414 etiam,
977 371 1008 408 si
1041 371 1122 409 sola
1154 376 1327 409 vetustas

265 430 519 468 Commendet
540 431 766 468 meritorum
792 431 894 468 haud
921 431 1125 468 immemor
1155 435 1221 468 aut
1247 430 1348 468 male
1373 436 1482 479 grata

188 498 244 523 900
262 489 350 527 Non
381 490 496 528 etiam
529 490 658 527 cultus
690 490 808 527 nimio
839 490 1092 527 observentur
1123 490 1268 527 honore

264 549 372 587 Sicut
402 549 642 587 adorantum.
705 549 783 587 Sed
814 561 884 586 nos
915 549 964 586 ad
996 555 1131 598 coepta
1164 549 1343 586 feramur.

263 608 347 646 Hoc
380 620 449 646 seu
480 609 716 646 vestibulum
751 621 820 646 seu
853 609 982 646 verius
1014 609 1166 646 aemula
1198 609 1338 657 priscis

263 667 441 705 Porticus
472 668 546 705 ista
577 668 659 705 foro
690 668 819 705 lucem
853 673 892 705 et
924 668 1043 705 decus
1074 668 1192 705 adicit
1223 668 1380 716 ingens:

192 733 269 768 [fijb]
303 726 409 773 Quae
441 739 529 764 cum
562 727 768 776 magnifice
801 727 945 765 caelata
978 727 1028 764 sit
1058 727 1164 764 intus
1196 731 1234 764 et
1267 732 1387 773 extra,

187 794 242 819 005
262 785 418 823 Eximio
449 786 548 835 pede
578 786 754 836 adusque
785 786 854 824 alti
885 786 1040 835 fastigia
1071 787 1163 824 tecti

262 844 515 883 Diversorum
547 858 708 894 operum
740 846 872 883 formis
905 846 1099 895 variisque
1131 846 1290 883 deorum

261 905 390 954 Atque
421 904 619 942 hominum
653 905 801 951 statuis,
835 906 962 946 etiam,
996 917 1085 942 cum
1117 905 1287 954 postulat
1318 917 1424 942 usus.

261 963 425 1001 Praebet
454 964 682 1001 adorantum
714 965 857 1013 populo
890 964 1109 1013 spectacula
1142 976 1277 1012 regum

261 1022 480 1072 Infantique
512 1023 593 1061 Deo
626 1035 695 1061 sua
726 1023 892 1071 mystica
925 1023 1025 1061 dona
1055 1024 1259 1060 ferentum.

186 1090 242 1115 5010
262 1080 368 1128 Quae
401 1094 518 1131 super
549 1083 732 1132 aequales
763 1087 921 1120 auratus
953 1083 1124 1120 circulus
1157 1083 1269 1120 horas

260 1140 413 1178 Iudicat
442 1145 480 1179 et
512 1142 639 1179 sonitu
671 1146 778 1179 notat
809 1142 910 1179 aeris
942 1146 1030 1179 nota
1062 1142 1202 1179 canori.

261 1198 355 1237 Tam
388 1200 562 1249 speciosa
593 1201 713 1249 igitur
743 1205 927 1251 tantoque
960 1205 1159 1239 exstructa
1190 1201 1319 1239 labore

258 1258 438 1297 Porticus
470 1260 659 1309 impensis
691 1260 883 1309 templum
916 1261 1157 1309 superaverit
1189 1261 1329 1310 ipsum,

261 1317 332 1355 Cui
363 1319 569 1356 coniuncta
600 1324 737 1369 patens
768 1319 808 1356 in
839 1323 970 1369 partes
1003 1324 1184 1369 quattuor
1214 1321 1359 1358 haeret.

336 1471 703 1511 Xenodocheum
736 1474 986 1511 maximum
1020 1474 1144 1511 intra
1178 1475 1348 1512 urbem.

184 1562 244 1588 915
264 1553 304 1591 Si
336 1555 424 1604 quis
455 1555 704 1594 honorificam
736 1557 803 1606 qui
834 1557 1013 1595 laudibus
1045 1557 1183 1595 evehat
1214 1557 1349 1594 urbem

260 1612 427 1652 Noridos
458 1615 676 1663 Hercyniae
707 1628 903 1653 summum
936 1616 1088 1665 pietatis
1120 1617 1305 1654 honorem

258 1672 306 1710 In
337 1674 502 1712 miseros
532 1680 570 1712 et
601 1675 641 1712 in
672 1675 848 1713 adflictos
879 1680 919 1713 et
948 1676 1065 1713 rebus
1095 1680 1257 1723 egentes

259 1731 489 1775 Praetereat,
521 1746 598 1771 non
629 1733 694 1771 ille
727 1734 963 1772 satisfecisse
993 1734 1116 1772 labori

258 1791 477 1841 Adsumpto
509 1797 628 1842 queat
658 1798 725 1830 aut
756 1805 846 1831 vere
876 1794 1058 1832 laudasse
1089 1794 1223 1832 videri.

183 1858 239 1884 922)
257 1849 345 1887 Non
375 1851 497 1888 alium
529 1852 723 1902 siquidem
756 1852 944 1902 populum
975 1865 1045 1902 per
1076 1853 1261 1891 Teutonis
1293 1866 1398 1891 oram

257 1909 487 1947 Muniticum
518 1912 642 1960 magis
673 1915 741 1948 aut
771 1923 862 1949 vera
892 1912 1037 1961 pietate
1069 1913 1237 1962 priorem

258 1968 306 2006 In
338 1969 499 2008 miseros
531 1970 643 2008 facile
673 1970 867 2008 invenias:
900 1976 957 2009 tot
986 1976 1157 2021 praestat
1188 1972 1321 2020 egenis

259 2026 396 2066 Officia
427 2032 467 2066 et
498 2033 618 2066 totam
649 2033 705 2067 tot
736 2030 986 2068 xenodochea
1016 2043 1087 2081 per
1118 2031 1253 2068 urbem

256 2085 452 2135 Instituit3
491 2100 657 2137 quorum
688 2089 791 2138 quod
823 2091 1022 2138 praevalet
1051 2090 1229 2128 omnibus
1260 2094 1378 2141 atque
1416 2096 1477 2129 est

183 2153 238 2179 925
257 2145 457 2184 Eximium
488 2159 591 2185 nunc
622 2160 779 2186 carmen
810 2148 894 2193 erit,
927 2149 996 2187 sed
1027 2153 1070 2186 ut
1100 2149 1228 2187 omnia
1259 2150 1395 2199 paucis

259 2204 394 2242 Cetera
425 2218 524 2255 quae
555 2207 742 2244 canimus.
804 2207 932 2246 Medio
963 2208 1061 2246 iacet
1092 2208 1198 2246 urbis
1234 2209 1284 2246 ad
1321 2221 1473 2247 amnem

187 2270 276 2305 [fiiia]
307 2263 381 2302 Ina
411 2265 561 2312 domus,
594 2266 656 2303 cui
688 2266 771 2304 sive
799 2266 906 2305 voles
938 2267 1030 2305 dare
1061 2279 1200 2305 nomen
1232 2268 1279 2305 ab
1310 2268 1438 2317 aegris

247 2322 337 2360 Sive
369 2322 460 2361 dare
492 2324 721 2374 hospitibus
753 2325 815 2363 ius
846 2330 884 2364 et
916 2327 974 2364 fas
1005 2326 1164 2365 cuilibet
1195 2331 1289 2375 esto,
