1640 2650
562 197 818 231 ENGEXvas,
851 197 1097 223 FRIBVRGICA.
1419 185 1438 221 T
1449 185 1466 221 1

311 316 472 355 Auctori
502 316 676 366 requiem
708 315 826 353 dicite
858 327 974 364 saepe
1006 316 1143 353 levem.

252 376 313 414 Ad
343 375 539 414 tumulum
570 375 686 412 flores
718 375 887 424 laetique
919 375 1065 412 rosaria
1097 374 1226 411 Paesti

314 435 506 485 Spargite7
540 446 609 472 nec
642 434 745 472 desit
777 435 885 484 spica
917 433 1058 471 Cih'ssa
1089 434 1185 471 loco.

252 494 417 532 Inferias
448 494 620 541 umbrae,
652 505 742 531 cum
773 494 832 531 fas
863 497 934 539 est⁷
969 493 1107 531 solvite
1140 493 1278 531 iussas,

178 561 233 588 400
311 552 372 591 Ne
403 565 472 591 vos
503 553 752 590 immemores
786 553 928 590 sentiat
959 564 1046 590 esse
1077 552 1179 589 boni.

252 731 451 768 Hactenus
482 735 688 780 augustam
721 742 838 768 versu
871 730 1155 779 descripsimus
1186 730 1334 767 urbem.

313 790 493 828 Cantanti
524 790 665 828 meiius
696 789 877 839 lampada
907 790 989 827 iure
1021 789 1121 827 dedi.

253 850 305 887 At
338 849 371 887 si
402 850 491 899 plus
523 849 663 887 meruit
695 849 890 898 surgentis
922 849 963 886 in
994 849 1152 886 aethera
1183 849 1317 885 faniae.

312 908 360 946 In
391 909 592 946 cumulum
625 908 751 947 laudis
782 909 856 946 iam
891 921 1044 958 quoque
1078 908 1218 945 Caesar
1251 908 1335 945 erit.

180 975 234 1002 405
254 968 330 1005 Hic
361 969 491 1018 aquila
523 968 702 1018 expassis
734 969 906 1006 Romana
939 967 1136 1005 videbitur
1166 967 1239 1004 aiis

312 1026 362 1065 Et
395 1039 548 1065 sacrum
580 1032 711 1066 nostra
742 1028 813 1065 hac
846 1028 983 1065 efferet
1016 1027 1111 1064 urbe
1142 1030 1270 1075 caput.

254 1086 469 1136 Imperium
522 1087 657 1124 mundi
711 1087 787 1125 late
841 1098 1049 1136 rerumque
1108 1090 1282 1135 potestas

313 1145 549 1195 Magnanimi
579 1146 817 1195 armigerum
849 1146 990 1184 sentiet
1020 1145 1109 1182 inde
1141 1145 1263 1182 Iovis:

254 1204 391 1254 Vsque
422 1205 516 1243 adeo
549 1205 694 1243 Caesar
724 1205 853 1255 patrui
886 1209 1087 1242 contactus
1119 1216 1250 1242 amore

181 1270 236 1297 410
313 1264 396 1302 Hos
427 1269 531 1302 amat
561 1269 600 1302 et
632 1269 737 1303 certe
769 1265 870 1303 tollit
901 1265 939 1301 in
971 1268 1075 1302 astra
1108 1264 1228 1301 sinus.

253 1322 471 1373 Exspectat
510 1327 638 1362 tantos
675 1324 768 1361 urbs
807 1324 978 1361 officiosa
1015 1323 1248 1372 triumphos,

315 1382 540 1432 Suscipient
570 1384 701 1432 magni
733 1383 838 1432 regia
871 1387 1024 1432 sceptra
1056 1382 1142 1420 foci.

254 1441 416 1492 Iamque
448 1442 532 1490 erit,
564 1447 609 1480 ut
639 1443 792 1480 videam
825 1442 947 1480 multa
978 1442 1122 1492 pietate
1154 1441 1365 1479 verendum

316 1500 414 1539 Cum
446 1501 614 1539 dominis
645 1506 771 1540 terrae
803 1502 1124 1551 principibusque
1155 1500 1300 1538 Iovem.

181 1566 236 1592 415
257 1567 332 1602 [c4a]
362 1559 462 1597 Tum
493 1560 525 1598 si
558 1561 619 1598 cui
653 1561 831 1598 dederint
861 1561 995 1598 faciles
1033 1561 1073 1597 in
1105 1560 1278 1598 carmina
1310 1560 1414 1597 vires

313 1618 495 1667 Numina,
527 1620 763 1669 magnanimi
795 1620 974 1659 Caesaris
1005 1632 1112 1657 arma
1144 1623 1265 1657 canat.

256 1677 519 1728 Grandiloquo
559 1679 711 1717 incedat
755 1679 960 1717 scribentis
998 1679 1112 1716 Musa
1149 1678 1347 1721 cothurno,

314 1737 487 1775 Heroum
520 1738 672 1788 capiant
702 1739 816 1776 fortia
847 1743 956 1787 gesta
988 1738 1139 1788 pedem.

223 1843 226 1846 ‚
255 1796 372 1834 Haud
409 1797 571 1835 timeant
611 1797 762 1847 aquilae
802 1798 971 1835 labentia
1010 1798 1090 1835 fata
1128 1797 1300 1842 deorum,

182 1862 237 1889 420
315 1855 510 1894 Teutones
542 1861 729 1905 augustos
762 1857 888 1895 saecla
918 1858 1048 1894 futura
1080 1857 1224 1905 legant.

256 1914 421 1953 Vatibus
465 1916 567 1953 hunc
610 1916 746 1954 tribuit
788 1916 1077 1954 Maximilianus
1121 1916 1316 1960 honorem,

316 1974 418 2012 Vela
451 1975 734 2023 corymbiferae
767 1976 925 2025 pandite
958 1979 1088 2013 vestra
1120 1975 1226 2012 deae.

256 2032 340 2081 Quo
379 2034 507 2071 vivam
548 2034 669 2082 caelo:
711 2035 795 2084 quiq
840 2034 1093 2081 Pludentine,
1139 2037 1299 2083 penates

315 2092 379 2130 Me
410 2094 575 2139 foveant,
608 2093 720 2131 avido
753 2094 886 2131 charta
917 2093 1081 2142 legenda
1112 2093 1229 2130 dedit.

184 2158 237 2185 425
257 2150 410 2189 Gratior
440 2152 474 2189 is
505 2152 615 2189 locus
648 2157 718 2198 est,
750 2153 938 2203 liquidam
971 2152 1074 2202 quod
1107 2152 1298 2190 Cerberus
1331 2151 1473 2189 undam

315 2210 402 2249 Non
434 2211 572 2249 miscet
602 2211 704 2250 Ditis
736 2212 1087 2262 Persephonesque
1119 2223 1238 2249 mero.

257 2269 357 2307 Tum
388 2282 543 2320 quoque
576 2283 638 2308 me
670 2274 793 2309 terrae
825 2271 1053 2309 clementior
1084 2283 1178 2308 aura
1211 2270 1375 2308 salubris

315 2328 371 2367 Vt
401 2341 593 2379 nusquam
626 2330 754 2379 potius
786 2330 935 2368 detinet
966 2341 1052 2368 esse
1085 2329 1212 2367 veiim.
