1640 2650
588 200 774 234 E0ss31<vs7
806 199 1039 225 NORIBERGA.
1401 186 1418 223 1
1430 186 1452 221 9

236 319 358 367 Quale
389 319 493 368 apud
523 319 726 367 Assyriam
757 323 971 355 memorant
1004 317 1201 363 Bahyhjuia
1233 316 1367 362 fuisse7

159 388 216 414 325
237 379 278 418 Si
308 385 441 416 tamen
472 378 626 427 exiguis
658 389 887 426 componere
920 377 1089 413 maxima
1121 376 1178 412 fas
1211 383 1280 413 est.

579 485 826 533 Pegnesus
858 483 1050 520 fluvius.

297 556 428 604 Qualis
459 556 499 593 in
530 555 755 593 Haemoniis
786 555 942 592 Peneus
968 554 1107 591 nobilis
1139 553 1215 590 0115

235 616 345 654 Inter
375 628 534 653 amoena
568 615 693 652 fluens
725 627 841 651 cursu
874 614 1019 650 laureta
1052 612 1224 650 5991111110

235 675 396 713 Labitur
426 680 465 712 et
495 674 641 712 virides
673 674 750 711 19111
783 673 870 711 ferit
902 672 1055 721 agmine
1088 672 1202 721 ripas.

237 734 343 772 Tah's
374 735 421 772 ab
452 734 597 771 aestivo
628 733 819 770 Phoebnei
853 732 990 769 sideris
1023 736 1109 768 ortu

159 802 219 829 330
238 793 430 831 Pinifer-os
461 793 612 842 placido
645 793 845 840 Pegnesus
876 791 1033 828 flumine
1064 794 1216 827 montes

238 852 347 890 Inter
378 857 417 890 et
448 864 538 889 arva
571 863 707 889 secans
740 851 860 900 pratis
894 850 1081 899 spatiatur
1112 849 1295 887 amoenis.

237 911 378 949 Nolica
409 911 566 949 lenifluo
599 911 719 948 donec
753 922 794 947 se
826 910 865 947 in
899 909 1046 946 moenia
1080 909 1193 958 lapsu

237 971 446 1008 Insinuans
477 970 645 1007 mediam
677 970 828 1019 placido
861 969 946 1006 fluit
978 981 1092 1005 amne
1124 980 1195 1017 per
1226 968 1359 1005 urbem

238 1029 542 1079 Magnificasque
574 1029 683 1066 vadis
716 1029 805 1066 hinc
836 1034 953 1077 atque
986 1028 1074 1064 hinc
1105 1027 1228 1064 adluit
1259 1026 1386 1064 aedes.

160 1098 219 1124 335
238 1089 411 1127 Lenibus
442 1089 526 1138 ipse
559 1088 639 1126 suis
671 1088 795 1136 magis
826 1099 871 1125 ac
902 1087 1026 1135 magis
1057 1087 1158 1123 edita
1190 1086 1285 1135 ripis

239 1148 418 1186 Culmina
448 1148 610 1185 miratus
644 1159 875 1196 semperque
907 1146 1072 1184 recentia
1105 1145 1213 1183 cultu

238 1207 355 1245 Tecta
386 1219 486 1245 novo
519 1211 698 1256 spectans
730 1212 869 1255 pontes
901 1205 1121 1243 subterfluit
1151 1204 1249 1242 altos

237 1266 306 1304 Bis
339 1278 465 1313 591105,
499 1278 663 1315 quorum
696 1266 853 1315 quidam
885 1265 934 1303 (19
966 1276 1156 1302 marmore
1190 1264 1336 1302 structi.

240 1324 406 1373 Quidam
439 1325 593 1363 sublicii
625 1325 790 1362 diversis
822 1325 996 1374 partibus
1028 1324 1164 1361 urbem

160 1393 219 1419 340
240 1384 501 1434 Coniungunt,
534 1385 638 1422 subit
668 1384 735 1422 ille
766 1390 948 1433 rotasque
981 1390 1020 1421 et
1053 1395 1145 1420 saxa
1178 1380 1368 1420 molarum

164 1451 259 1486 {ciijaj
293 1443 511 1493 Corripiens
542 1448 641 1481 rotat
671 1456 716 1481 ac
747 1443 970 1481 victricibus
1001 1442 1133 1480 atterit
1165 1441 1289 1479 undis.

239 1502 341 1540 Nam
371 1506 476 1540 tenet
506 1503 731 1540 innumeras
763 1515 838 1539 non
870 1508 1021 1540 tantum
1054 1502 1154 1539 farra
1185 1500 1374 1538 molentes

239 1561 352 1600 Litus
383 1566 593 1611 utrumque
625 1562 758 1603 molas,
792 1561 860 1599 sed
891 1566 929 1599 91
960 1566 1041 1598 atra
1074 1560 1265 1609 fragmina
1296 1560 1389 1598 ferri

241 1621 437 1659 Cudentes
470 1621 642 1670 duraque
673 1621 871 1658 trahentes
904 1620 1047 1669 forcipe
1078 1619 1227 1656 lamnas

161 1689 220 1715 345
240 1680 287 1717 In
317 1680 508 1727 minimas,
541 1680 660 1717 donec
693 1692 763 1717 ceu
795 1680 861 1717 fila
893 1679 1073 1729 sequacia
1104 1684 1234 1728 partes

240 1739 434 1777 Diducant
464 1739 568 1787 longi
601 1739 801 1776 stridentia
832 1739 1001 1788 pondera
1032 1738 1135 1776 ferri.

240 1798 328 1836 Vno
358 1798 479 1847 igitur
508 1798 654 1847 primos
684 1798 860 1847 inlapsus
891 1798 1051 1835 flumine
1083 1808 1214 1835 11111105

241 1857 439 1896 Scinditur
468 1857 509 1894 in
540 1857 715 1906 geminas
748 1857 813 1894 ubi
844 1857 1015 1895 nascitur
1045 1856 1170 1894 insula
1203 1860 1344 1905 partes,

239 1916 376 1954 Insula.
406 1922 588 1965 congesto
621 1929 718 1965 quae
751 1916 869 1953 sumit
899 1917 946 1953 ab
977 1928 1119 1965 aggere
1151 1927 1313 1959 nome-112

162 1984 222 2010 350
240 1975 337 2013 Lata
367 1976 462 2014 satis
495 1975 696 2025 spatioque
728 1975 821 2013 satis
853 1975 1078 2025 planissima
1108 1974 1223 2023 longo

241 2035 373 2073 Efficit
402 2035 713 2084 hippodromum,
744 2034 879 2072 videas
912 2034 1120 2072 certamine
1152 2033 1273 2071 multo

242 2093 502 2143 Cornipedum
535 2105 728 2143 cursuque
759 2093 843 2140 teri,
875 2094 939 2131 9111
969 2093 1143 2141 margine
1173 2097 1339 2142 utroque

241 2153 481 2191 Praetexunt
511 2153 655 2190 virides
685 2153 909 2190 umbracula
939 2153 1082 2201 frigida
1113 2152 1251 2189 silvae:

243 2212 342 2250 Cum
373 2212 469 2250 furit
499 2217 538 2250 et
569 2212 708 2249 nimios
739 2211 851 2260 igniti
884 2212 1022 2249 sideris
1054 2216 1186 2249 aestus

164 2279 223 2306 355
244 2271 368 2309 Sirius
398 2271 512 2309 ardor
542 2271 624 2320 agit
654 2271 838 2308 111119111111
871 2271 1004 2308 subter
1033 2283 1250 2316 amoenum,

241 2330 316 2368 me
347 2330 455 2368 locus
487 2335 617 2379 gratas
648 2330 806 2379 praebet
837 2330 1092 2379 spatiantibus
1123 2330 1280 2367 umbras

1202 2408 1241 2442 2*
