1640 2650
546 193 732 229 EossAxvs,
764 193 999 219 NORIBERGA.
1361 182 1380 218 1
1391 182 1411 218 1

193 311 264 350 Ille
295 312 403 350 locus
434 324 633 361 nunquam
665 312 846 360 gravidas
881 311 1066 360 produxit
1097 311 1236 349 aristas

134 379 168 405 85
193 373 272 409 Aut
302 372 436 421 inopes
467 371 591 409 multa
622 371 759 408 ditavit
790 383 917 408 messe
949 370 1105 408 colonos

192 429 275 468 Nec
306 430 479 480 placidas
510 430 654 468 Bacchi
686 430 947 479 pulcherrima
979 442 1140 467 munera
1172 430 1271 467 vites

193 489 358 528 Protulit
388 494 455 527 aut
486 489 565 527 ullo
597 489 727 527 vineta
758 489 924 527 obnoxia
955 489 1075 536 cultu,

192 547 243 585 Ni
274 561 411 598 cogas3
444 549 589 586 etenim
619 553 783 598 cogunt:
816 553 895 586 tam
928 553 987 586 est
1018 560 1107 586 acre
1140 548 1284 586 colonis

192 607 410 656 Ingenium,
442 612 523 646 tam
554 620 665 645 mens
697 607 843 655 docilis,
875 612 954 645 tam
987 607 1118 645 vivida
1148 608 1284 655 xirtus,

133 675 168 701 00
193 666 247 704 Vt
278 667 383 717 quod
414 671 572 705 naturae
604 671 665 704 est
694 667 792 716 ipsis
824 667 972 704 ratione
1004 670 1189 716 negatum

193 726 288 764 Arte
309 730 456 776 parent.
495 726 572 764 Sed
591 730 631 764 et
649 727 743 764 haec
762 726 867 763 alias.
905 725 1020 763 Nunc
1039 730 1176 775 coepta
1196 737 1417 775 sequemur.

195 785 403 824 Praeterea
434 785 543 824 locus
575 785 642 823 ille
674 785 761 823 aliis
793 790 852 823 est
883 785 1036 823 dotibus
1068 785 1170 823 omni

194 844 308 882 Parte
341 845 434 882 satis
465 845 574 892 felix,
607 857 682 894 quo
716 857 788 882 nec
821 845 870 882 sit
901 845 1098 882 amoenior
1130 844 1234 882 ullus

194 903 227 940 Ε
257 903 386 942 media
418 904 557 942 tellure
590 904 675 941 sitis
707 904 811 952 (113111
843 904 1020 953 proxima
1052 908 1168 953 ponto

135 970 169 996 ,05
194 962 459 1012 Excipimus):
497 975 566 1001 seu
597 963 758 1000 flumina
788 975 914 1011 ames,
948 967 1039 1001 sunt
1070 963 1242 1010 flumina,
1276 975 1345 1000 seu
1376 966 1418 1000 te

137 1029 218 1063 [bija]
250 1022 432 1060 Foetibus
463 1022 660 1060 oblectant
691 1022 799 1072 pleni
831 1023 1082 1060 vernantibus
1114 1022 1225 1069 horti,

194 1080 282 1119 Non
313 1081 376 1119 1110
408 1081 573 1119 defuerit
604 1081 724 1119 nativi
756 1082 880 1130 gratia
912 1082 1028 1119 veris.

195 1139 295 1178 Sunt
325 1141 464 1188 fontes,
497 1145 589 1178 sunt
620 1141 763 1189 egelidi
795 1153 917 1190 prope
948 1141 1109 1178 flumina
1140 1141 1225 1187 rivi,

195 1199 293 1237 Sunt
323 1212 525 1238 nemorum
557 1200 693 1238 dulces
725 1201 896 1248 umbrae,
928 1200 1142 1238 laetissima
1173 1200 1264 1238 totis

123 1265 175 1292 100
194 1258 344 1296 Pascua
377 1263 468 1297 sunt
498 1259 632 1313 pratis,
665 1259 793 1309 pecori
826 1264 886 1297 est
916 1271 1009 1308 ager
1040 1260 1136 1297 uber
1166 1259 1304 1297 alendo

194 1318 324 1368 Atque
355 1318 512 1365 homini,
544 1330 615 1357 nec
646 1323 725 1356 13111
758 1319 900 1368 populo
932 1323 1070 1356 natura
1101 1318 1272 1367 maligna
1303 1321 1375 1366 est,

195 1376 249 1414 Vt
281 1377 313 1415 si
344 1389 468 1427 pauca
500 1382 627 1426 negat,
659 1383 777 1427 neget
809 1378 936 1415 omnia
967 1378 1146 1427 protinus
1177 1378 1256 1415 uni.

196 1434 296 1483 Quid
329 1449 541 1475 memorem
575 1437 692 1475 celsis
723 1437 871 1486 positas
902 1437 940 1474 in
973 1437 1136 1475 collibus
1168 1449 1278 1475 arces

196 1494 425 1545 oppidaque
455 1500 494 1534 et
524 1508 645 1546 pagos
676 1500 812 1545 totque
843 1496 964 1534 arduo
997 1496 1165 1534 culmine
1196 1496 1320 1543 villas,

126 1560 176 1588 105
198 1553 304 1601 Quae
336 1555 462 1604 magis
493 1559 711 1605 opportuno
742 1556 827 1593 loco
858 1555 954 1593 mihi
987 1560 1127 1593 cuncta
1159 1559 1357 1593 canentur.

255 1613 382 1651 Huius
413 1614 454 1651 in
485 1615 576 1652 orbe
607 1614 683 1652 1001
714 1619 901 1662 extremo,
935 1627 1011 1664 qua
1043 1615 1170 1664 vergit
1194 1615 1235 1652 in
1253 1614 1419 1662 Eurum,

195 1672 300 1710 Vrbs
331 1672 430 1711 iacet
461 1673 631 1723 egregiis
663 1686 826 1723 operum
859 1674 1095 1712 circumdata
1126 1674 1260 1721 muris,

196 1731 411 1770 Aedificata
443 1733 523 1770 solo
556 1733 690 1781 sterili,
722 1745 859 1771 verum
888 1733 974 1782 ipsa
1004 1745 1076 1782 per
1105 1737 1208 1771 artes

195 1790 311 1828 Facta
342 1791 525 1841 opulenta
557 1803 647 1829 suas
679 1796 719 1830 et
749 1792 895 1830 florens
925 1793 1043 1830 rebus
1074 1792 1267 1842 honestis3

126 1857 177 1884 110
197 1849 313 1898 Quae,
340 1850 429 1900 quia
454 1851 662 1900 contigerit
687 1851 883 1900 quondam
902 1852 997 1889 haec
1016 1851 1099 1889 loca
1118 1851 1261 1889 Norica
1279 1852 1420 1902 pubes,

196 1908 337 1947 Norica
367 1921 508 1947 nomen
539 1910 655 1947 habet
684 1910 814 1948 iuncto
846 1911 1075 1959 cognomine
1106 1911 1261 1959 montis,

198 1968 319 2006 Cuius
349 1968 545 2018 inaequali
577 1969 678 2007 clivo
710 1973 749 2007 et
779 1969 973 2008 radicibus
1004 1970 1093 2008 imis

197 2027 371 2075 Adiacet,
403 2028 535 2066 Arctoi
566 2041 643 2078 qua
674 2033 823 2078 spectat
853 2029 902 2066 ad
932 2029 1053 2067 ardua
1084 2029 1218 2066 mundi

198 2086 334 2125 Sidera
365 2087 550 2125 visendus
581 2088 718 2137 procul
748 2087 848 2125 arcis
879 2088 980 2126 mole
1013 2089 1214 2138 superbae.

127 2153 178 2180 115
196 2145 288 2195 Ipsa
319 2158 452 2184 cavam
483 2146 560 2184 lato
593 2146 733 2184 vallem
764 2147 968 2196 complexa
998 2159 1156 2185 recessu

197 2204 305 2243 More
336 2205 429 2243 ratis
454 2205 581 2243 medio
612 2205 834 2255 depressior
864 2206 1001 2244 ultima
1033 2218 1197 2255 surgens

198 2263 302 2302 Hinc
331 2267 447 2313 atque
478 2264 568 2302 hinc
599 2264 700 2302 tollit
730 2277 801 2302 ceu
833 2277 988 2313 cornua,
1021 2265 1208 2315 prospicit
1239 2266 1381 2303 horum

200 2322 354 2361 Celsius
385 2323 425 2360 in
456 2323 631 2372 Boream,
663 2324 861 2362 madidum
894 2325 1107 2363 subiectius
1138 2326 1339 2362 Austrum.
