1640 2650
157 204 210 241 6⁶2
528 216 785 251 ENGENTINVS,
817 216 1061 242 FRIBVRGICA.

226 333 337 380 Quod
368 337 435 371 tua
466 346 541 370 non
574 334 729 383 sapiens
760 334 929 383 peccarit
959 334 1000 371 in
1031 334 1139 383 orgia
1170 334 1381 384 Pentheus,

286 392 460 430 Membra
493 405 585 430 suae
617 393 731 430 matri
762 393 1009 431 dilaceranda
1045 393 1160 431 dedit.

227 451 288 489 Sis
320 464 507 501 praesens
538 452 754 501 laticesque
785 464 905 489 novos
936 456 1138 501 terraeque
1170 465 1346 490 cruorem

285 511 331 548 In
363 523 537 559 gemmas
569 511 750 560 Zephyro
782 511 899 549 flante
930 511 1094 549 refunde
1127 513 1264 549 novas!

171 578 206 603 85
227 577 303 611 [aih]
330 570 511 619 Accipies
544 570 727 619 pinguem
761 570 945 619 spectatis
977 571 1158 608 cornibus
1191 571 1353 616 hircum7

285 629 456 667 Victima
486 630 594 666 nulla
624 629 695 666 tibi
726 629 871 677 gratior
903 642 990 667 esse
1024 634 1160 679 potest.

226 688 335 726 Talia
365 688 520 726 Lenaeo
553 692 706 726 veteres
738 688 914 726 cecinere
946 693 1092 738 poetae,

286 748 426 785 Dicere
458 760 557 797 quae
589 748 783 796 quondam
815 748 928 785 nenia
960 760 1073 785 nemo
1105 748 1212 785 velit.

228 808 277 844 At
308 807 593 855 Methymnaeis
625 811 826 856 praestant
856 807 984 844 vineta
1016 807 1192 848 racemis,

171 874 206 899 90
287 866 384 903 Cum
418 866 496 903 sint
526 866 698 903 Alsatico
731 866 966 915 proximiora
997 866 1088 903 solo.

184 925 187 929 '
227 925 395 962 Massica
426 938 540 962 nemo
574 925 667 962 velit
700 925 756 962 sic
788 926 937 966 tollere,
969 938 1084 962 nemo
1117 925 1332 971 Falernum,

287 985 434 1022 Debeat
468 989 508 1022 ut
540 989 670 1021 nostro
704 997 778 1021 non
812 985 933 1022 semel
967 997 1053 1021 esse
1087 985 1206 1021 locus.

226 1043 322 1080 Inde
355 1056 427 1093 per
459 1044 695 1081 immensum
727 1044 896 1093 spatium
930 1043 1161 1080 diffunditur
1192 1056 1341 1090 arvum7

286 1103 402 1140 Vnde
435 1103 555 1140 Ceres
588 1104 739 1151 frugem
773 1103 935 1151 conligit
966 1103 1068 1140 alma
1100 1115 1221 1140 suam.

171 1170 206 1195 95
226 1162 378 1199 Horrea
409 1163 602 1199 frumento
635 1162 836 1211 replent-ur
866 1163 965 1199 farta
996 1162 1219 1211 ‹piotannis;

286 1222 391 1258 Haec
421 1222 565 1258 etenim
598 1226 700 1259 terra
732 1225 792 1258 est
824 1221 1017 1258 messibus
1049 1225 1140 1269 apta
1172 1221 1296 1267 nimis,

227 1280 279 1317 Vt
311 1284 508 1329 praestare
541 1281 658 1318 etiam
691 1280 841 1317 Siculos
874 1281 1076 1317 videamur
1106 1280 1236 1317 aristis

285 1339 504 1388 Pinguibus
536 1340 727 1376 immensa
758 1339 955 1376 fertilitate
988 1339 1072 1376 loci.

226 1399 310 1436 Hac
342 1402 433 1436 sunt
465 1399 727 1447 Hesperidum
760 1398 955 1435 rutilantia
987 1410 1106 1446 paene
1139 1410 1324 1444 sororum,

156 1465 206 1490 100
286 1458 380 1495 Illac
413 1458 563 1495 Alcinoi
595 1458 702 1506 regia
734 1462 868 1506 saepta
899 1458 1020 1494 ducis.

226 1517 332 1554 Haec
364 1517 465 1554 intra
497 1517 618 1553 muris
652 1517 743 1553 urbs
775 1521 835 1554 est
867 1520 1067 1554 exstructa
1099 1516 1278 1565 superbis

286 1576 337 1613 Et
368 1576 484 1613 fossis
516 1576 663 1613 circum
695 1579 779 1613 tuta
811 1576 974 1613 subinde
1007 1576 1100 1621 suis,

227 1635 416 1672 Turribus
448 1636 610 1672 hostiles
643 1635 861 1684 propellere
893 1647 1013 1683 gnara
1044 1638 1230 1682 tyrannos

287 1694 586 1744 'soi-mentisque
618 1706 759 1743 graves
790 1694 982 1731 eiaculare
1014 1694 1158 1742 globos.

157 1761 207 1786 105
226 1753 298 1791 Est
330 1754 435 1791 intus
468 1753 606 1790 validis
638 1754 751 1801 longe
784 1753 998 1791 clarissima
1028 1753 1142 1790 tectis

286 1813 336 1850 Et
367 1813 523 1862 templis
556 1813 721 1858 multum
755 1812 953 1849 nobilitata
984 1812 1111 1849 deum.

156 1880 235 1913 [ma]
263 1872 304 1909 Si
336 1884 550 1909 memorare
583 1872 697 1908 velim
732 1884 883 1908 summo
914 1872 998 1908 loca
1029 1883 1138 1908 sacra
1169 1871 1327 1917 tonanti,

286 1931 366 1968 Vix
396 1931 521 1968 ullum
554 1934 738 1979 caperent
768 1930 929 1967 forsitan
962 1942 1049 1967 orsa
1080 1930 1258 1967 modum:

227 1990 300 2027 Tot,
332 2002 440 2027 sacra
472 1993 562 2027 sunt
593 1990 771 2038 delubra;
804 1990 914 2026 locus
946 1989 1014 2026 vix
1046 1989 1214 2026 sanctior
1245 2000 1422 2037 usquam,

158 2057 208 2082 110
286 2049 401 2086 Vnde
433 2049 619 2097 frequens
650 2048 759 2086 audit
791 2048 964 2085 conditor
995 2048 1080 2097 ipse
1113 2047 1247 2085 melos.

228 2108 418 2146 Continuo
450 2108 542 2145 ordo
575 2119 686 2144 sacer
717 2107 821 2144 vario
853 2107 1061 2144 distinctus
1093 2106 1236 2144 amictu

287 2167 417 2205 Vertit
447 2167 495 2204 ad
526 2178 686 2204 arcanos
718 2166 885 2214 mystica
917 2178 1025 2203 sacra
1055 2166 1172 2203 focos.

228 2226 327 2263 Sunt
358 2230 514 2263 tenerae
546 2237 644 2274 quae
676 2229 878 2262 cesserunt
909 2225 948 2262 in
981 2228 1068 2262 vota
1099 2224 1264 2273 puellae,

287 2284 371 2322 Non
403 2289 535 2322 tamen
566 2284 606 2321 in
637 2284 782 2330 laudes,
816 2284 936 2332 impia
967 2284 1099 2330 Vesta,
1131 2287 1228 2320 tuas.

158 2352 208 2377 115
229 2343 338 2380 Vana
369 2347 526 2381 auctore
558 2343 701 2380 etenim
735 2343 961 2380 ceciderunt
991 2342 1148 2380 numina
1180 2341 1333 2379 Christo
