1640 2650
613 204 798 238 EOBANVS,
830 205 1063 230 NORLBERGA.
1423 195 1445 231 5
1455 194 1474 231 1

164 330 234 357 1285
260 322 480 360 Contexunt
510 334 626 371 opera
656 323 880 360 umbrantes
911 323 1106 360 testudine
1137 323 1258 361 densa

259 381 458 419 Dissectas
489 393 560 430 per
591 382 695 419 culta
728 382 809 419 vias
841 388 1054 431 arcentque
1087 382 1240 419 molesti

259 440 405 478 Sideris
435 441 630 489 ardorem3
664 441 833 490 pendent
863 454 885 478 a
918 441 1060 478 vitibus
1092 453 1192 478 uvae

258 499 437 549 Desuper
466 504 505 537 et
536 500 674 549 positis
706 501 892 549 praebent
924 500 1144 549 spectacula
1176 501 1322 538 mensis

258 557 376 596 Grata
406 563 511 596 toros
544 559 656 596 viridi
688 564 915 608 spargentes
947 559 1082 597 fronde
1113 565 1321 597 comantes.

162 626 233 652 1290
265 617 529 660 [hiijMaxima
560 630 650 667 pars
681 619 795 656 habet
827 618 999 656 adiectas
1031 631 1107 656 non
1139 619 1273 656 deside
1305 619 1425 657 factas

257 678 351 715 Arte
383 677 527 721 domos,
560 678 627 715 sed
660 678 809 715 deliciis
842 682 881 715 et
913 678 1062 715 lusibus
1093 682 1204 727 aptas

258 736 479 783 Permissis
512 749 588 774 non
619 737 797 774 luxuriae
828 742 895 774 aut
926 737 1105 785 ignobilis
1137 738 1201 783 oti,

258 795 303 832 In
336 807 431 845 quas
463 796 618 833 urbanis
650 796 881 845 plerumque
913 796 1106 834 laboribus
1137 796 1245 845 aegri

258 854 529 904 Exhaustique
560 855 642 892 suis
674 860 902 905 quaerentes
935 868 1091 893 sumere
1123 856 1226 893 curis

162 921 231 947 1295
259 913 377 951 Grata
408 914 608 962 refrigeria
638 919 756 964 atque
787 915 936 951 animos
970 915 1101 952 laxare
1133 915 1308 953 volentes

259 973 454 1010 Secedunt
484 974 732 1023 gaudentque
764 986 880 1011 aurae
912 979 995 1011 tum
1027 974 1195 1023 denique
1226 974 1321 1012 flatu

257 1032 456 1070 Liberiore
488 1033 574 1079 frui7
607 1033 700 1069 dum
733 1033 876 1070 clausis
909 1033 1109 1071 moenibus
1141 1036 1208 1071 aer

257 1093 420 1129 Aestuat
451 1096 489 1129 et
521 1092 617 1129 nulli
651 1092 816 1141 perflant
847 1092 932 1129 loca
964 1104 1100 1141 pressa
1131 1092 1269 1130 favoni.

257 1150 410 1188 Adsunt
440 1155 613 1188 rorantes
644 1151 786 1199 geniali
818 1152 1024 1200 aspergine
1056 1152 1183 1189 fontes

162 1217 230 1243 1300
256 1209 572 1259 Disperguntque
604 1211 711 1248 leves
744 1210 889 1248 circum
922 1211 1004 1248 loca
1036 1211 1183 1248 consita
1214 1211 1397 1260 lymphas

256 1269 453 1318 Vitalique
486 1269 615 1318 rigant
646 1270 795 1318 pluvia:
830 1282 918 1306 nam
951 1282 1066 1319 saepe
1099 1271 1170 1308 sub
1202 1282 1316 1308 auras

254 1327 363 1366 Laxa
393 1328 637 1378 relapsurum
669 1329 862 1366 iaculatur
893 1329 1025 1366 fistula
1055 1341 1193 1367 rorem.

255 1387 362 1425 Haec
393 1391 453 1425 est
484 1392 642 1425 naturae
674 1388 793 1425 facies
825 1388 1050 1435 laetissima⁷
1083 1400 1151 1426 seu
1184 1401 1253 1427 ver

255 1446 441 1496 Intepuit,
474 1447 556 1484 sive
587 1447 745 1485 aestatis
777 1452 885 1485 tenet
916 1448 1042 1484 onmia
1073 1449 1210 1495 fervor,

160 1513 230 1539 1305
256 1505 346 1543 Sive
379 1511 647 1543 senescentem
679 1506 876 1544 concludit
908 1507 1083 1544 fructifer
1112 1519 1256 1544 annum

256 1565 497 1605 Autumnus:
530 1577 620 1602 nam
652 1565 775 1603 tristis
808 1566 933 1603 hiems
966 1566 1065 1603 laeta
1096 1566 1224 1604 omnia
1256 1567 1394 1605 turbat.

256 1623 338 1661 Has
369 1635 440 1672 ego
472 1624 632 1662 delicias
664 1625 875 1662 hortorum.
908 1625 1006 1662 haec
1036 1625 1177 1674 gaudia
1208 1630 1316 1663 tanta

256 1682 479 1720 Praetulero
511 1683 662 1721 cunctis
694 1684 832 1732 opibus
865 1684 1046 1733 vitaeque
1077 1685 1221 1722 forensi

255 1741 307 1779 Et
338 1754 476 1790 regum
509 1742 624 1780 celsis
656 1743 835 1780 domibus
866 1743 1090 1793 mensisque
1122 1744 1293 1782 deorum.

158 1809 230 1835 1310
256 1800 367 1848 Quod
399 1801 433 1838 si
465 1801 523 1838 sic
553 1802 706 1839 fortuna
738 1801 944 1851 aliquando
977 1803 1124 1850 errarit,
1156 1807 1200 1841 ut
1230 1804 1370 1841 horum

254 1860 391 1908 Egerit
422 1860 498 1898 huc
529 1860 686 1910 aliquid,
718 1864 802 1898 tum
834 1873 895 1898 me
926 1861 988 1899 vel
1019 1861 1138 1900 divite
1170 1862 1313 1900 Croeso

255 1919 504 1969 Aurificoque
536 1920 639 1957 Mida
670 1920 825 1957 credam
858 1920 982 1969 magis
1014 1933 1100 1959 esse
1132 1922 1298 1959 beatum.

522 2072 692 2111 Schola
725 2086 876 2123 nuper
907 2074 1142 2113 instituta.

255 2155 347 2193 Sive
379 2161 439 2193 est
470 2157 566 2194 haec
599 2156 725 2193 rabies
763 2157 853 2206 plus
891 2170 1007 2207 quam
1046 2158 1231 2196 scelerata
1268 2159 1470 2207 malorum,

157 2221 253 2257 [mija]
285 2214 377 2252 Sive
408 2220 468 2253 est
498 2215 571 2253 hoc
602 2215 716 2253 fatale
748 2216 903 2263 malum,
936 2229 1011 2266 quo
1042 2221 1218 2266 tempore
1251 2222 1380 2257 nostro

160 2281 229 2307 1315
256 2273 405 2312 Cuncta
435 2274 634 2323 repentino
667 2279 758 2312 sunt
789 2275 1040 2325 praecipitata.
1070 2276 1241 2314 tumultu

255 2334 371 2370 Artes
402 2338 441 2371 et
474 2333 602 2371 studia
633 2337 670 2371 et
701 2346 827 2372 mores
860 2338 899 2372 et
929 2336 1102 2384 praemia
1132 2336 1237 2383 recti,

1215 2415 1255 2448 4*
