<?xml version="1.0" encoding="UTF-8"?>
<!DOCTYPE html PUBLIC "-//W3C//DTD XHTML 1.0 Transitional//EN"
    "http://www.w3.org/TR/xhtml1/DTD/xhtml1-transitional.dtd">
<html xmlns="http://www.w3.org/1999/xhtml" xml:lang="en" lang="en">
 <head>
  <title>
</title>
<meta http-equiv="Content-Type" content="text/html;charset=utf-8" />
  <meta name='ocr-system' content='tesseract 3.04.00' />
  <meta name='ocr-capabilities' content='ocr_page ocr_carea ocr_par ocr_line ocrx_word'/>
</head>
<body>
  <div class='ocr_page' id='page_1' title='image "./noribergaillvstr00hessuoft_0128.png"; bbox 0 0 1640 2650; ppageno 0'>
   <div class='ocr_carea' id='block_1_1' title="bbox 179 205 1082 247">
    <p class='ocr_par' dir='ltr' id='par_1_1' title="bbox 179 205 1082 247">
     <span class='ocr_line' id='line_1_1' title="bbox 179 205 1082 247; baseline -0.003 -6"><span class='ocrx_word' id='word_1_1' title='bbox 179 205 231 241; x_wconf 85' lang='grc'>64</span> <span class='ocrx_word' id='word_1_2' title='bbox 546 214 804 247; x_wconf 67' lang='lat' dir='ltr'>ENGEN&#39;rmvs,</span> <span class='ocrx_word' id='word_1_3' title='bbox 836 213 1082 239; x_wconf 69' lang='lat' dir='ltr'>FmBVRGmA.</span> 
     </span>
    </p>
   </div>
   <div class='ocr_carea' id='block_1_2' title="bbox 178 332 1428 2390">
    <p class='ocr_par' dir='ltr' id='par_1_2' title="bbox 178 332 1428 2390">
     <span class='ocr_line' id='line_1_2' title="bbox 178 332 1334 383; baseline 0.001 -16"><span class='ocrx_word' id='word_1_4' title='bbox 178 342 254 376; x_wconf 64' lang='lat'>[112³]</span> <span class='ocrx_word' id='word_1_5' title='bbox 284 333 494 383; x_wconf 80' lang='lat' dir='ltr'>Obliquum</span> <span class='ocrx_word' id='word_1_6' title='bbox 527 333 640 370; x_wconf 86' lang='lat' dir='ltr'>cuius</span> <span class='ocrx_word' id='word_1_7' title='bbox 672 345 772 382; x_wconf 82' lang='lat' dir='ltr'>quae</span> <span class='ocrx_word' id='word_1_8' title='bbox 804 344 895 382; x_wconf 90' lang='lat' dir='ltr'>pars</span> <span class='ocrx_word' id='word_1_9' title='bbox 926 336 986 370; x_wconf 84' lang='lat' dir='ltr'>est</span> <span class='ocrx_word' id='word_1_10' title='bbox 1017 332 1182 369; x_wconf 84' lang='lat' dir='ltr'>dextera</span> <span class='ocrx_word' id='word_1_11' title='bbox 1213 343 1334 369; x_wconf 89' lang='lat' dir='ltr'>cornu</span> 
     </span>
     <span class='ocr_line' id='line_1_3' title="bbox 306 390 1173 442; baseline -0.003 -12"><span class='ocrx_word' id='word_1_12' title='bbox 306 393 383 430; x_wconf 88' lang='lat' dir='ltr'>Per</span> <span class='ocrx_word' id='word_1_13' title='bbox 413 393 561 442; x_wconf 83' lang='lat' dir='ltr'>plateas</span> <span class='ocrx_word' id='word_1_14' title='bbox 593 392 759 441; x_wconf 82' lang='lat' dir='ltr'>quadam</span> <span class='ocrx_word' id='word_1_15' title='bbox 790 391 932 429; x_wconf 90' lang='lat' dir='ltr'>leniter</span> <span class='ocrx_word' id='word_1_16' title='bbox 961 396 1046 429; x_wconf 89' lang='lat' dir='ltr'>arte</span> <span class='ocrx_word' id='word_1_17' title='bbox 1076 390 1173 427; x_wconf 89' lang='lat' dir='ltr'>fluit.</span> 
     </span>
     <span class='ocr_line' id='line_1_4' title="bbox 249 449 1400 501; baseline -0.003 -12"><span class='ocrx_word' id='word_1_18' title='bbox 249 451 450 501; x_wconf 82' lang='lat' dir='ltr'>Quamque</span> <span class='ocrx_word' id='word_1_19' title='bbox 482 451 640 488; x_wconf 88' lang='lat' dir='ltr'>domum</span> <span class='ocrx_word' id='word_1_20' title='bbox 671 451 832 500; x_wconf 81' lang='lat' dir='ltr'>liquidis</span> <span class='ocrx_word' id='word_1_21' title='bbox 864 450 970 487; x_wconf 79' lang='lat' dir='ltr'>rivus</span> <span class='ocrx_word' id='word_1_22' title='bbox 1002 449 1244 499; x_wconf 74' lang='lat' dir='ltr'>praeterfluit</span> <span class='ocrx_word' id='word_1_23' title='bbox 1273 449 1400 496; x_wconf 59' lang='lat' dir='ltr'>undis,</span> 
     </span>
     <span class='ocr_line' id='line_1_5' title="bbox 308 508 1229 561; baseline -0.004 -12"><span class='ocrx_word' id='word_1_24' title='bbox 308 510 471 561; x_wconf 83' lang='lat' dir='ltr'>Optares</span> <span class='ocrx_word' id='word_1_25' title='bbox 501 511 632 557; x_wconf 80' lang='lat' dir='ltr'>talem,</span> <span class='ocrx_word' id='word_1_26' title='bbox 664 510 855 559; x_wconf 77' lang='lat' dir='ltr'>Delphice</span> <span class='ocrx_word' id='word_1_27' title='bbox 885 509 1053 556; x_wconf 81' lang='lat' dir='ltr'>Phoebe,</span> <span class='ocrx_word' id='word_1_28' title='bbox 1084 508 1229 546; x_wconf 90' lang='lat' dir='ltr'>locum:</span> 
     </span>
     <span class='ocr_line' id='line_1_6' title="bbox 179 568 1284 618; baseline 0 -14"><span class='ocrx_word' id='word_1_29' title='bbox 179 579 228 605; x_wconf 79' lang='lat'>155</span> <span class='ocrx_word' id='word_1_30' title='bbox 248 571 357 608; x_wconf 79' lang='lat' dir='ltr'>Haec</span> <span class='ocrx_word' id='word_1_31' title='bbox 389 570 422 607; x_wconf 90' lang='lat' dir='ltr'>si</span> <span class='ocrx_word' id='word_1_32' title='bbox 453 582 682 618; x_wconf 82' lang='lat' dir='ltr'>magnorum</span> <span class='ocrx_word' id='word_1_33' title='bbox 714 569 802 618; x_wconf 87' lang='lat' dir='ltr'>quis</span> <span class='ocrx_word' id='word_1_34' title='bbox 834 568 979 606; x_wconf 89' lang='lat' dir='ltr'>diceret</span> <span class='ocrx_word' id='word_1_35' title='bbox 1009 568 1106 606; x_wconf 84' lang='lat' dir='ltr'>atria</span> <span class='ocrx_word' id='word_1_36' title='bbox 1136 579 1284 616; x_wconf 76' lang='lat' dir='ltr'>regum,</span> 
     </span>
     <span class='ocr_line' id='line_1_7' title="bbox 308 628 994 677; baseline -0.003 -10"><span class='ocrx_word' id='word_1_37' title='bbox 308 630 349 667; x_wconf 86' lang='lat' dir='ltr'>Is</span> <span class='ocrx_word' id='word_1_38' title='bbox 380 641 455 667; x_wconf 90' lang='lat' dir='ltr'>non</span> <span class='ocrx_word' id='word_1_39' title='bbox 488 629 631 666; x_wconf 88' lang='lat' dir='ltr'>iudicio</span> <span class='ocrx_word' id='word_1_40' title='bbox 664 628 908 677; x_wconf 81' lang='lat' dir='ltr'>deciperetur</span> <span class='ocrx_word' id='word_1_41' title='bbox 939 640 994 665; x_wconf 91' lang='lat' dir='ltr'>eo.</span> 
     </span>
     <span class='ocr_line' id='line_1_8' title="bbox 248 685 1329 736; baseline -0.003 -10"><span class='ocrx_word' id='word_1_42' title='bbox 248 689 353 726; x_wconf 78' lang='lat' dir='ltr'>Vrbs</span> <span class='ocrx_word' id='word_1_43' title='bbox 385 688 553 726; x_wconf 82' lang='lat' dir='ltr'>fecunda</span> <span class='ocrx_word' id='word_1_44' title='bbox 585 688 678 724; x_wconf 83' lang='lat' dir='ltr'>viris</span> <span class='ocrx_word' id='word_1_45' title='bbox 709 699 917 736; x_wconf 82' lang='lat' dir='ltr'>acremque</span> <span class='ocrx_word' id='word_1_46' title='bbox 949 687 1086 724; x_wconf 90' lang='lat' dir='ltr'>edocta</span> <span class='ocrx_word' id='word_1_47' title='bbox 1117 685 1329 723; x_wconf 80' lang='lat' dir='ltr'>Gradivum</span> 
     </span>
     <span class='ocr_line' id='line_1_9' title="bbox 309 747 1148 792; baseline -0.004 -7"><span class='ocrx_word' id='word_1_48' title='bbox 309 748 472 785; x_wconf 89' lang='lat' dir='ltr'>Hostilis</span> <span class='ocrx_word' id='word_1_49' title='bbox 503 752 636 784; x_wconf 81' lang='lat' dir='ltr'>contra</span> <span class='ocrx_word' id='word_1_50' title='bbox 668 747 810 784; x_wconf 88' lang='lat' dir='ltr'>ducere</span> <span class='ocrx_word' id='word_1_51' title='bbox 842 750 967 783; x_wconf 83' lang='lat' dir='ltr'>castra</span> <span class='ocrx_word' id='word_1_52' title='bbox 998 757 1148 792; x_wconf 82' lang='lat' dir='ltr'>manus,</span> 
     </span>
     <span class='ocr_line' id='line_1_10' title="bbox 249 805 1320 855; baseline -0.004 -11"><span class='ocrx_word' id='word_1_53' title='bbox 249 807 415 845; x_wconf 81' lang='lat' dir='ltr'>Horrida</span> <span class='ocrx_word' id='word_1_54' title='bbox 467 807 501 843; x_wconf 90' lang='lat' dir='ltr'>si</span> <span class='ocrx_word' id='word_1_55' title='bbox 550 807 654 843; x_wconf 68' lang='lat' dir='ltr'>xires</span> <span class='ocrx_word' id='word_1_56' title='bbox 716 810 866 855; x_wconf 83' lang='lat' dir='ltr'>peteret</span> <span class='ocrx_word' id='word_1_57' title='bbox 920 805 1083 842; x_wconf 81' lang='lat' dir='ltr'>Bellona</span> <span class='ocrx_word' id='word_1_58' title='bbox 1143 807 1320 853; x_wconf 86' lang='lat' dir='ltr'>potentes</span> 
     </span>
     <span class='ocr_line' id='line_1_11' title="bbox 181 864 1248 914; baseline -0.001 -13"><span class='ocrx_word' id='word_1_59' title='bbox 181 875 230 901; x_wconf 70' lang='grc'>160</span> <span class='ocrx_word' id='word_1_60' title='bbox 309 866 359 904; x_wconf 80' lang='lat' dir='ltr'>Et</span> <span class='ocrx_word' id='word_1_61' title='bbox 391 877 580 903; x_wconf 86' lang='lat' dir='ltr'>succensa</span> <span class='ocrx_word' id='word_1_62' title='bbox 610 865 735 902; x_wconf 77' lang='lat' dir='ltr'>virum</span> <span class='ocrx_word' id='word_1_63' title='bbox 768 871 927 914; x_wconf 85' lang='lat' dir='ltr'>pectora</span> <span class='ocrx_word' id='word_1_64' title='bbox 957 864 1083 901; x_wconf 77' lang='lat' dir='ltr'>Marte</span> <span class='ocrx_word' id='word_1_65' title='bbox 1114 864 1248 900; x_wconf 77' lang='lat' dir='ltr'>forent.</span> 
     </span>
     <span class='ocr_line' id='line_1_12' title="bbox 251 922 1371 974; baseline -0.004 -12"><span class='ocrx_word' id='word_1_66' title='bbox 251 925 353 963; x_wconf 88' lang='lat' dir='ltr'>Ordo</span> <span class='ocrx_word' id='word_1_67' title='bbox 384 925 529 974; x_wconf 80' lang='lat' dir='ltr'>triplex</span> <span class='ocrx_word' id='word_1_68' title='bbox 562 925 763 962; x_wconf 86' lang='lat' dir='ltr'>homiuum</span> <span class='ocrx_word' id='word_1_69' title='bbox 794 924 995 961; x_wconf 87' lang='lat' dir='ltr'>florentem</span> <span class='ocrx_word' id='word_1_70' title='bbox 1028 923 1195 960; x_wconf 83' lang='lat' dir='ltr'>sustinet</span> <span class='ocrx_word' id='word_1_71' title='bbox 1225 922 1371 967; x_wconf 80' lang='lat' dir='ltr'>urbem,</span> 
     </span>
     <span class='ocr_line' id='line_1_13' title="bbox 310 982 1231 1033; baseline -0.003 -12"><span class='ocrx_word' id='word_1_72' title='bbox 310 984 393 1032; x_wconf 83' lang='lat' dir='ltr'>Quo</span> <span class='ocrx_word' id='word_1_73' title='bbox 425 996 489 1021; x_wconf 88' lang='lat' dir='ltr'>res</span> <span class='ocrx_word' id='word_1_74' title='bbox 522 984 685 1021; x_wconf 86' lang='lat' dir='ltr'>ubertim</span> <span class='ocrx_word' id='word_1_75' title='bbox 719 983 875 1033; x_wconf 86' lang='lat' dir='ltr'>publica</span> <span class='ocrx_word' id='word_1_76' title='bbox 906 994 1082 1032; x_wconf 78' lang='lat' dir='ltr'>quaeque</span> <span class='ocrx_word' id='word_1_77' title='bbox 1114 982 1231 1030; x_wconf 75' lang='lat' dir='ltr'>viget.</span> 
     </span>
     <span class='ocr_line' id='line_1_14' title="bbox 251 1043 1323 1092; baseline -0.005 -11"><span class='ocrx_word' id='word_1_78' title='bbox 251 1045 346 1081; x_wconf 84' lang='lat' dir='ltr'>Pars</span> <span class='ocrx_word' id='word_1_79' title='bbox 378 1043 524 1092; x_wconf 83' lang='lat' dir='ltr'>gaudet</span> <span class='ocrx_word' id='word_1_80' title='bbox 554 1043 670 1091; x_wconf 81' lang='lat' dir='ltr'>longo</span> <span class='ocrx_word' id='word_1_81' title='bbox 702 1043 889 1080; x_wconf 85' lang='lat' dir='ltr'>maiorum</span> <span class='ocrx_word' id='word_1_82' title='bbox 922 1046 1126 1079; x_wconf 81' lang='lat' dir='ltr'>stemmate</span> <span class='ocrx_word' id='word_1_83' title='bbox 1158 1045 1323 1089; x_wconf 85' lang='lat' dir='ltr'>patrum,</span> 
     </span>
     <span class='ocr_line' id='line_1_15' title="bbox 310 1099 1221 1152; baseline -0.003 -12"><span class='ocrx_word' id='word_1_84' title='bbox 310 1103 365 1140; x_wconf 80' lang='lat' dir='ltr'>Vt</span> <span class='ocrx_word' id='word_1_85' title='bbox 397 1103 544 1152; x_wconf 82' lang='lat' dir='ltr'>passim</span> <span class='ocrx_word' id='word_1_86' title='bbox 576 1114 716 1140; x_wconf 84' lang='lat' dir='ltr'>census</span> <span class='ocrx_word' id='word_1_87' title='bbox 749 1114 847 1151; x_wconf 83' lang='lat' dir='ltr'>quos</span> <span class='ocrx_word' id='word_1_88' title='bbox 879 1112 1111 1138; x_wconf 87' lang='lat' dir='ltr'>numerosus</span> <span class='ocrx_word' id='word_1_89' title='bbox 1142 1099 1221 1137; x_wconf 85' lang='lat' dir='ltr'>alit.</span> 
     </span>
     <span class='ocr_line' id='line_1_16' title="bbox 183 1158 1404 1204; baseline -0.001 -8"><span class='ocrx_word' id='word_1_90' title='bbox 183 1171 231 1197; x_wconf 68' lang='lat'>1035</span> <span class='ocrx_word' id='word_1_91' title='bbox 251 1163 323 1200; x_wconf 90' lang='lat' dir='ltr'>His</span> <span class='ocrx_word' id='word_1_92' title='bbox 355 1162 463 1200; x_wconf 82' lang='lat' dir='ltr'>dedit</span> <span class='ocrx_word' id='word_1_93' title='bbox 494 1162 732 1199; x_wconf 80' lang='lat' dir='ltr'>orchestram</span> <span class='ocrx_word' id='word_1_94' title='bbox 764 1162 830 1198; x_wconf 82' lang='lat' dir='ltr'>lex</span> <span class='ocrx_word' id='word_1_95' title='bbox 861 1160 1000 1198; x_wconf 82' lang='lat' dir='ltr'>Roscia</span> <span class='ocrx_word' id='word_1_96' title='bbox 1032 1159 1218 1197; x_wconf 77' lang='lat' dir='ltr'>scandere</span> <span class='ocrx_word' id='word_1_97' title='bbox 1250 1158 1404 1204; x_wconf 83' lang='lat' dir='ltr'>celsam,</span> 
     </span>
     <span class='ocr_line' id='line_1_17' title="bbox 310 1219 1111 1268; baseline -0.004 -9"><span class='ocrx_word' id='word_1_98' title='bbox 310 1221 516 1259; x_wconf 79' lang='lat' dir='ltr'>Nobilibus</span> <span class='ocrx_word' id='word_1_99' title='bbox 547 1225 650 1258; x_wconf 87' lang='lat' dir='ltr'>certe</span> <span class='ocrx_word' id='word_1_100' title='bbox 682 1221 748 1257; x_wconf 80' lang='lat' dir='ltr'>lex</span> <span class='ocrx_word' id='word_1_101' title='bbox 781 1233 825 1258; x_wconf 85' lang='lat' dir='ltr'>ea</span> <span class='ocrx_word' id='word_1_102' title='bbox 856 1220 975 1268; x_wconf 83' lang='lat' dir='ltr'>digua</span> <span class='ocrx_word' id='word_1_103' title='bbox 1005 1219 1111 1256; x_wconf 72' lang='lat' dir='ltr'>viris.</span> 
     </span>
     <span class='ocr_line' id='line_1_18' title="bbox 251 1277 1301 1328; baseline -0.005 -10"><span class='ocrx_word' id='word_1_104' title='bbox 251 1281 335 1318; x_wconf 86' lang='lat' dir='ltr'>Hoc</span> <span class='ocrx_word' id='word_1_105' title='bbox 367 1287 496 1318; x_wconf 83' lang='lat' dir='ltr'>autem</span> <span class='ocrx_word' id='word_1_106' title='bbox 529 1280 673 1328; x_wconf 81' lang='lat' dir='ltr'>legitur</span> <span class='ocrx_word' id='word_1_107' title='bbox 704 1279 877 1328; x_wconf 85' lang='lat' dir='ltr'>prudens</span> <span class='ocrx_word' id='word_1_108' title='bbox 908 1291 958 1315; x_wconf 79' lang='lat' dir='ltr'>ex</span> <span class='ocrx_word' id='word_1_109' title='bbox 989 1278 1124 1315; x_wconf 86' lang='lat' dir='ltr'>ordine</span> <span class='ocrx_word' id='word_1_110' title='bbox 1156 1277 1301 1323; x_wconf 85' lang='lat' dir='ltr'>consul,</span> 
     </span>
     <span class='ocr_line' id='line_1_19' title="bbox 311 1336 1191 1386; baseline -0.005 -9"><span class='ocrx_word' id='word_1_111' title='bbox 311 1340 411 1377; x_wconf 89' lang='lat' dir='ltr'>Hinc</span> <span class='ocrx_word' id='word_1_112' title='bbox 444 1351 514 1376; x_wconf 84' lang='lat' dir='ltr'>sua</span> <span class='ocrx_word' id='word_1_113' title='bbox 545 1339 720 1376; x_wconf 87' lang='lat' dir='ltr'>delectus</span> <span class='ocrx_word' id='word_1_114' title='bbox 751 1338 883 1375; x_wconf 76' lang='lat' dir='ltr'>munia</span> <span class='ocrx_word' id='word_1_115' title='bbox 915 1342 1070 1386; x_wconf 86' lang='lat' dir='ltr'>praetor</span> <span class='ocrx_word' id='word_1_116' title='bbox 1100 1336 1191 1385; x_wconf 81' lang='lat' dir='ltr'>agit.</span> 
     </span>
     <span class='ocr_line' id='line_1_20' title="bbox 253 1395 1342 1446; baseline -0.005 -10"><span class='ocrx_word' id='word_1_117' title='bbox 253 1399 304 1436; x_wconf 88' lang='lat' dir='ltr'>Hi</span> <span class='ocrx_word' id='word_1_118' title='bbox 335 1399 503 1436; x_wconf 85' lang='lat' dir='ltr'>multum</span> <span class='ocrx_word' id='word_1_119' title='bbox 533 1398 743 1435; x_wconf 83' lang='lat' dir='ltr'>inlustrant.</span> <span class='ocrx_word' id='word_1_120' title='bbox 773 1401 938 1446; x_wconf 82' lang='lat' dir='ltr'>aequata</span> <span class='ocrx_word' id='word_1_121' title='bbox 969 1396 1078 1433; x_wconf 81' lang='lat' dir='ltr'>lance</span> <span class='ocrx_word' id='word_1_122' title='bbox 1110 1395 1342 1443; x_wconf 80' lang='lat' dir='ltr'>Friburgum</span> 
     </span>
     <span class='ocr_line' id='line_1_21' title="bbox 184 1455 1138 1507; baseline -0.001 -14"><span class='ocrx_word' id='word_1_123' title='bbox 184 1467 233 1493; x_wconf 74' lang='grc'><strong>170</strong></span> <span class='ocrx_word' id='word_1_124' title='bbox 315 1458 492 1507; x_wconf 79' lang='lat' dir='ltr'>Suntque</span> <span class='ocrx_word' id='word_1_125' title='bbox 524 1457 724 1506; x_wconf 81' lang='lat' dir='ltr'>repurgati</span> <span class='ocrx_word' id='word_1_126' title='bbox 754 1456 903 1494; x_wconf 82' lang='lat' dir='ltr'>lumina</span> <span class='ocrx_word' id='word_1_127' title='bbox 933 1456 1021 1493; x_wconf 74' lang='lat' dir='ltr'>viva</span> <span class='ocrx_word' id='word_1_128' title='bbox 1051 1455 1138 1492; x_wconf 89' lang='lat' dir='ltr'>loci.</span> 
     </span>
     <span class='ocr_line' id='line_1_22' title="bbox 253 1513 1288 1566; baseline -0.005 -12"><span class='ocrx_word' id='word_1_129' title='bbox 253 1518 305 1554; x_wconf 75' lang='lat' dir='ltr'>At</span> <span class='ocrx_word' id='word_1_130' title='bbox 336 1517 427 1566; x_wconf 82' lang='lat' dir='ltr'>quia</span> <span class='ocrx_word' id='word_1_131' title='bbox 458 1516 583 1553; x_wconf 75' lang='lat' dir='ltr'>divisa</span> <span class='ocrx_word' id='word_1_132' title='bbox 615 1521 675 1553; x_wconf 87' lang='lat' dir='ltr'>est</span> <span class='ocrx_word' id='word_1_133' title='bbox 707 1515 873 1565; x_wconf 82' lang='lat' dir='ltr'>quodam</span> <span class='ocrx_word' id='word_1_134' title='bbox 905 1515 1015 1564; x_wconf 83' lang='lat' dir='ltr'>plebs</span> <span class='ocrx_word' id='word_1_135' title='bbox 1048 1518 1174 1551; x_wconf 76' lang='lat' dir='ltr'>cetera</span> <span class='ocrx_word' id='word_1_136' title='bbox 1205 1513 1288 1550; x_wconf 83' lang='lat' dir='ltr'>iure</span> 
     </span>
     <span class='ocr_line' id='line_1_23' title="bbox 312 1573 1149 1625; baseline -0.001 -12"><span class='ocrx_word' id='word_1_137' title='bbox 312 1576 438 1625; x_wconf 69' lang='lat' dir='ltr'>Inque</span> <span class='ocrx_word' id='word_1_138' title='bbox 471 1587 561 1613; x_wconf 79' lang='lat' dir='ltr'>suas</span> <span class='ocrx_word' id='word_1_139' title='bbox 593 1575 683 1612; x_wconf 85' lang='lat' dir='ltr'>olim</span> <span class='ocrx_word' id='word_1_140' title='bbox 718 1575 866 1612; x_wconf 82' lang='lat' dir='ltr'>naviter</span> <span class='ocrx_word' id='word_1_141' title='bbox 896 1578 983 1611; x_wconf 88' lang='lat' dir='ltr'>acta</span> <span class='ocrx_word' id='word_1_142' title='bbox 1013 1573 1149 1612; x_wconf 70' lang='lat' dir='ltr'>tribus.</span> 
     </span>
     <span class='ocr_line' id='line_1_24' title="bbox 184 1631 1331 1683; baseline -0.003 -11"><span class='ocrx_word' id='word_1_143' title='bbox 184 1643 261 1677; x_wconf 62' lang='lat' dir='ltr'>[mh]</span> <span class='ocrx_word' id='word_1_144' title='bbox 294 1635 524 1672; x_wconf 79' lang='lat' dir='ltr'>Monticolae</span> <span class='ocrx_word' id='word_1_145' title='bbox 556 1635 595 1671; x_wconf 91' lang='lat' dir='ltr'>id</span> <span class='ocrx_word' id='word_1_146' title='bbox 628 1634 758 1671; x_wconf 87' lang='lat' dir='ltr'>Fauno</span> <span class='ocrx_word' id='word_1_147' title='bbox 790 1634 918 1683; x_wconf 84' lang='lat' dir='ltr'>potius</span> <span class='ocrx_word' id='word_1_148' title='bbox 949 1632 1123 1681; x_wconf 79' lang='lat' dir='ltr'>Panique</span> <span class='ocrx_word' id='word_1_149' title='bbox 1155 1631 1331 1681; x_wconf 81' lang='lat' dir='ltr'>relinquo</span> 
     </span>
     <span class='ocr_line' id='line_1_25' title="bbox 312 1690 1428 1743; baseline -0.004 -12"><span class='ocrx_word' id='word_1_150' title='bbox 312 1697 391 1732; x_wconf 88' lang='lat' dir='ltr'>Aut</span> <span class='ocrx_word' id='word_1_151' title='bbox 422 1694 564 1743; x_wconf 78' lang='lat' dir='ltr'>quibus</span> <span class='ocrx_word' id='word_1_152' title='bbox 595 1698 655 1731; x_wconf 89' lang='lat' dir='ltr'>est</span> <span class='ocrx_word' id='word_1_153' title='bbox 686 1693 838 1742; x_wconf 86' lang='lat' dir='ltr'>lapides</span> <span class='ocrx_word' id='word_1_154' title='bbox 869 1693 1025 1730; x_wconf 74' lang='lat' dir='ltr'>volvere</span> <span class='ocrx_word' id='word_1_155' title='bbox 1057 1703 1234 1740; x_wconf 76' lang='lat' dir='ltr'>quosque</span> <span class='ocrx_word' id='word_1_156' title='bbox 1265 1690 1428 1727; x_wconf 88' lang='lat' dir='ltr'>animus.</span> 
     </span>
     <span class='ocr_line' id='line_1_26' title="bbox 184 1751 1366 1802; baseline -0.001 -15"><span class='ocrx_word' id='word_1_157' title='bbox 184 1762 234 1788; x_wconf 73' lang='grc'><strong>175</strong></span> <span class='ocrx_word' id='word_1_158' title='bbox 253 1754 447 1791; x_wconf 66' lang='lat' dir='ltr'>Nimirum</span> <span class='ocrx_word' id='word_1_159' title='bbox 479 1765 602 1802; x_wconf 71' lang='lat' dir='ltr'>aequa</span> <span class='ocrx_word' id='word_1_160' title='bbox 632 1753 787 1801; x_wconf 82' lang='lat' dir='ltr'>placent</span> <span class='ocrx_word' id='word_1_161' title='bbox 818 1751 948 1800; x_wconf 74' lang='lat' dir='ltr'>magni</span> <span class='ocrx_word' id='word_1_162' title='bbox 980 1751 1158 1788; x_wconf 86' lang='lat' dir='ltr'>consulta</span> <span class='ocrx_word' id='word_1_163' title='bbox 1190 1753 1366 1787; x_wconf 83' lang='lat' dir='ltr'>senatus:</span> 
     </span>
     <span class='ocr_line' id='line_1_27' title="bbox 313 1809 1263 1851; baseline -0.005 -1"><span class='ocrx_word' id='word_1_164' title='bbox 313 1813 388 1850; x_wconf 89' lang='lat' dir='ltr'>Hic</span> <span class='ocrx_word' id='word_1_165' title='bbox 419 1813 584 1849; x_wconf 82' lang='lat' dir='ltr'>Astraea</span> <span class='ocrx_word' id='word_1_166' title='bbox 616 1824 725 1849; x_wconf 81' lang='lat' dir='ltr'>suam</span> <span class='ocrx_word' id='word_1_167' title='bbox 757 1812 880 1848; x_wconf 85' lang='lat' dir='ltr'>fertur</span> <span class='ocrx_word' id='word_1_168' title='bbox 911 1811 1054 1847; x_wconf 81' lang='lat' dir='ltr'>habere</span> <span class='ocrx_word' id='word_1_169' title='bbox 1086 1809 1263 1851; x_wconf 74' lang='lat' dir='ltr'>domum:</span> 
     </span>
     <span class='ocr_line' id='line_1_28' title="bbox 254 1868 1391 1920; baseline -0.005 -10"><span class='ocrx_word' id='word_1_170' title='bbox 254 1872 478 1920; x_wconf 79' lang='lat' dir='ltr'>Integritas,</span> <span class='ocrx_word' id='word_1_171' title='bbox 541 1871 665 1908; x_wconf 77' lang='lat' dir='ltr'>virtus</span> <span class='ocrx_word' id='word_1_172' title='bbox 727 1875 926 1915; x_wconf 74' lang='lat' dir='ltr'>constans,</span> <span class='ocrx_word' id='word_1_173' title='bbox 987 1868 1194 1918; x_wconf 85' lang='lat' dir='ltr'>prudentia</span> <span class='ocrx_word' id='word_1_174' title='bbox 1242 1879 1391 1914; x_wconf 82' lang='lat' dir='ltr'>rermn,</span> 
     </span>
     <span class='ocr_line' id='line_1_29' title="bbox 315 1927 1159 1968; baseline -0.005 0"><span class='ocrx_word' id='word_1_175' title='bbox 315 1931 427 1968; x_wconf 83' lang='lat' dir='ltr'>Culta</span> <span class='ocrx_word' id='word_1_176' title='bbox 459 1930 557 1967; x_wconf 87' lang='lat' dir='ltr'>fides</span> <span class='ocrx_word' id='word_1_177' title='bbox 589 1930 750 1967; x_wconf 82' lang='lat' dir='ltr'>comites</span> <span class='ocrx_word' id='word_1_178' title='bbox 782 1941 823 1966; x_wconf 89' lang='lat' dir='ltr'>se</span> <span class='ocrx_word' id='word_1_179' title='bbox 855 1929 1024 1966; x_wconf 86' lang='lat' dir='ltr'>tribuere</span> <span class='ocrx_word' id='word_1_180' title='bbox 1057 1927 1159 1965; x_wconf 85' lang='lat' dir='ltr'>deae.</span> 
     </span>
     <span class='ocr_line' id='line_1_30' title="bbox 256 1986 1316 2039; baseline -0.006 -11"><span class='ocrx_word' id='word_1_181' title='bbox 256 1991 398 2039; x_wconf 81' lang='lat' dir='ltr'>Saepta</span> <span class='ocrx_word' id='word_1_182' title='bbox 428 1995 570 2038; x_wconf 81' lang='lat' dir='ltr'>regunt</span> <span class='ocrx_word' id='word_1_183' title='bbox 601 2000 734 2025; x_wconf 89' lang='lat' dir='ltr'>omnes</span> <span class='ocrx_word' id='word_1_184' title='bbox 766 1988 913 2037; x_wconf 84' lang='lat' dir='ltr'>passim</span> <span class='ocrx_word' id='word_1_185' title='bbox 945 1986 1143 2025; x_wconf 87' lang='lat' dir='ltr'>tutissima</span> <span class='ocrx_word' id='word_1_186' title='bbox 1173 1986 1316 2034; x_wconf 83' lang='lat' dir='ltr'>legum,</span> 
     </span>
     <span class='ocr_line' id='line_1_31' title="bbox 188 2047 1108 2098; baseline 0 -16"><span class='ocrx_word' id='word_1_187' title='bbox 188 2058 236 2083; x_wconf 75' lang='lat' dir='ltr'>iso</span> <span class='ocrx_word' id='word_1_188' title='bbox 315 2049 486 2098; x_wconf 81' lang='lat' dir='ltr'>Vltrices</span> <span class='ocrx_word' id='word_1_189' title='bbox 518 2048 636 2085; x_wconf 80' lang='lat' dir='ltr'>sentit</span> <span class='ocrx_word' id='word_1_190' title='bbox 667 2048 783 2084; x_wconf 82' lang='lat' dir='ltr'>noxia</span> <span class='ocrx_word' id='word_1_191' title='bbox 814 2047 928 2096; x_wconf 88' lang='lat' dir='ltr'>culpa</span> <span class='ocrx_word' id='word_1_192' title='bbox 959 2057 1108 2083; x_wconf 85' lang='lat' dir='ltr'>manus.</span> 
     </span>
     <span class='ocr_line' id='line_1_32' title="bbox 256 2103 1332 2157; baseline -0.005 -13"><span class='ocrx_word' id='word_1_193' title='bbox 256 2109 391 2157; x_wconf 74' lang='lat' dir='ltr'>Vsque</span> <span class='ocrx_word' id='word_1_194' title='bbox 423 2108 476 2145; x_wconf 81' lang='lat' dir='ltr'>ita</span> <span class='ocrx_word' id='word_1_195' title='bbox 507 2119 599 2144; x_wconf 85' lang='lat' dir='ltr'>cura</span> <span class='ocrx_word' id='word_1_196' title='bbox 631 2118 767 2144; x_wconf 86' lang='lat' dir='ltr'>senum</span> <span class='ocrx_word' id='word_1_197' title='bbox 798 2105 1000 2143; x_wconf 81' lang='lat' dir='ltr'>temeraria</span> <span class='ocrx_word' id='word_1_198' title='bbox 1032 2109 1121 2141; x_wconf 72' lang='lat' dir='ltr'>vota</span> <span class='ocrx_word' id='word_1_199' title='bbox 1150 2103 1332 2140; x_wconf 79' lang='lat' dir='ltr'>iuventae</span> 
     </span>
     <span class='ocr_line' id='line_1_33' title="bbox 315 2162 1207 2212; baseline -0.006 -8"><span class='ocrx_word' id='word_1_200' title='bbox 315 2170 395 2205; x_wconf 83' lang='lat' dir='ltr'>Aut-</span> <span class='ocrx_word' id='word_1_201' title='bbox 426 2171 536 2204; x_wconf 77' lang='lat' dir='ltr'>cavet</span> <span class='ocrx_word' id='word_1_202' title='bbox 565 2170 633 2203; x_wconf 85' lang='lat' dir='ltr'>aut</span> <span class='ocrx_word' id='word_1_203' title='bbox 664 2165 761 2202; x_wconf 85' lang='lat' dir='ltr'>mira</span> <span class='ocrx_word' id='word_1_204' title='bbox 792 2165 1024 2202; x_wconf 81' lang='lat' dir='ltr'>dexteritate</span> <span class='ocrx_word' id='word_1_205' title='bbox 1055 2162 1207 2212; x_wconf 80' lang='lat' dir='ltr'>premit,</span> 
     </span>
     <span class='ocr_line' id='line_1_34' title="bbox 257 2222 1353 2274; baseline -0.005 -11"><span class='ocrx_word' id='word_1_206' title='bbox 257 2226 357 2274; x_wconf 83' lang='lat' dir='ltr'>Quin</span> <span class='ocrx_word' id='word_1_207' title='bbox 413 2226 531 2263; x_wconf 83' lang='lat' dir='ltr'>etiam</span> <span class='ocrx_word' id='word_1_208' title='bbox 590 2236 716 2273; x_wconf 88' lang='lat' dir='ltr'>nuper</span> <span class='ocrx_word' id='word_1_209' title='bbox 777 2223 880 2261; x_wconf 86' lang='lat' dir='ltr'>bella</span> <span class='ocrx_word' id='word_1_210' title='bbox 939 2222 1123 2260; x_wconf 86' lang='lat' dir='ltr'>intestina</span> <span class='ocrx_word' id='word_1_211' title='bbox 1170 2224 1353 2270; x_wconf 86' lang='lat' dir='ltr'>parantes</span> 
     </span>
     <span class='ocr_line' id='line_1_35' title="bbox 317 2283 1078 2332; baseline -0.005 -10"><span class='ocrx_word' id='word_1_212' title='bbox 317 2285 482 2323; x_wconf 81' lang='lat' dir='ltr'>Sustulit</span> <span class='ocrx_word' id='word_1_213' title='bbox 511 2289 686 2332; x_wconf 84' lang='lat' dir='ltr'>agrestes</span> <span class='ocrx_word' id='word_1_214' title='bbox 718 2283 904 2320; x_wconf 83' lang='lat' dir='ltr'>seditione</span> <span class='ocrx_word' id='word_1_215' title='bbox 935 2287 1078 2319; x_wconf 86' lang='lat' dir='ltr'>truces.</span> 
     </span>
     <span class='ocr_line' id='line_1_36' title="bbox 188 2338 1259 2390; baseline -0.003 -12"><span class='ocrx_word' id='word_1_216' title='bbox 188 2353 237 2378; x_wconf 72' lang='lat'>185</span> <span class='ocrx_word' id='word_1_217' title='bbox 258 2345 333 2382; x_wconf 86' lang='lat' dir='ltr'>Hic</span> <span class='ocrx_word' id='word_1_218' title='bbox 365 2344 491 2380; x_wconf 77' lang='lat' dir='ltr'>varios</span> <span class='ocrx_word' id='word_1_219' title='bbox 523 2355 652 2380; x_wconf 87' lang='lat' dir='ltr'>rerum</span> <span class='ocrx_word' id='word_1_220' title='bbox 684 2346 813 2379; x_wconf 88' lang='lat' dir='ltr'>motus</span> <span class='ocrx_word' id='word_1_221' title='bbox 845 2352 1041 2390; x_wconf 84' lang='lat' dir='ltr'>aususque</span> <span class='ocrx_word' id='word_1_222' title='bbox 1073 2338 1259 2376; x_wconf 79' lang='lat' dir='ltr'>nefandos</span> 
     </span>
    </p>
   </div>
  </div>
 </body>
</html>
