1640 2650
590 176 774 211 EossArtvs,
807 176 1041 202 NORIBERGA.
1404 164 1426 200 3
1437 163 1455 200 1

237 295 397 333 Artibus
429 307 625 332 armorum
656 294 739 332 loca
772 294 849 331 sint
880 293 1115 343 plenissima,
1148 293 1244 331 nulli

238 354 410 403 Contigit
441 354 507 392 illa
538 357 667 391 tamen
698 358 893 391 tantarum
925 353 1046 401 gloria
1078 365 1217 400 rerum,

163 424 216 450 (345
238 413 409 460 Quantas
442 413 504 451 hic
540 413 708 462 populus
740 412 946 450 cumulatis
979 412 1155 461 possidet
1186 412 1315 450 armis.

238 472 340 520 Quid
370 484 499 511 morer
529 473 571 509 in
602 472 773 509 minimis
806 476 845 509 et
876 472 1032 509 nomina
1063 484 1182 520 parva
1214 471 1386 509 canendo

236 532 475 569 Defraudem
507 532 651 569 maiora
683 532 794 569 loco?
845 530 940 578 Quis
972 530 1116 568 dixerit
1147 534 1289 575 autem,

238 590 333 638 Quis
365 591 477 629 facile
509 590 703 640 expediat,
737 594 831 640 quot
862 590 968 627 milia
1000 590 1291 627 chiriboardae‘?

237 649 339 697 Quot
371 650 596 688 balistarum
628 650 893 699 pendentum?
938 648 1113 696 Quantus
1145 661 1328 686 acervum

163 719 217 745 050
239 709 433 758 Congerat
464 710 663 747 hastarum
696 710 909 746 numerus?
948 708 1019 745 Vis
1052 712 1196 758 quanta
1223 708 1458 757 bipennum‘?

236 768 332 815 Quis
364 768 503 806 modus
535 769 829 817 harpagonum?
874 767 979 814 Quae
1010 768 1135 805 ferrea
1166 767 1260 815 tela,
1300 780 1458 806 secures

236 827 529 877 Herculeasque
561 828 659 865 ferat
690 828 846 865 clavas?
892 826 987 874 Quis
1018 827 1057 864 in
1090 827 1222 864 ordine
1254 827 1419 875 glandes

236 886 442 936 Multiplici
474 887 618 936 positas
650 886 907 936 globulosque
941 898 990 924 ex
1022 898 1110 923 aere
1142 886 1356 924 rotundos?

237 945 338 993 Quid
364 946 509 995 clipeos
530 946 776 995 frameasque
796 946 932 995 loquar
958 945 1216 995 gravidasque
1244 946 1457 994 pharetras,

164 1014 216 1040 055
236 1005 393 1043 Aclidas
425 1017 670 1055 anconasque
702 1005 1024 1054 Macedoniasque
1058 1004 1249 1042 sarissas?

237 1064 338 1111 Quid
369 1068 560 1102 tormenta
593 1076 710 1112 vagas
741 1064 948 1101 iaculantia
979 1064 1019 1101 in
1049 1067 1139 1101 aera
1170 1064 1347 1101 flammas

237 1123 417 1173 Saxaque
449 1123 612 1161 deciduo
645 1124 856 1161 sternentia
888 1123 1068 1172 pondere,
1102 1123 1291 1172 quidquid

165 1190 238 1225 [eij
278 1182 552 1231 Contigerint‘?
594 1182 695 1229 Quid
727 1182 832 1220 mille
864 1182 951 1219 aliis
983 1182 1072 1219 data
1103 1182 1259 1220 nomina
1290 1183 1408 1220 telis‘.>

237 1241 377 1279 Omnia
407 1242 495 1291 quis
527 1254 687 1279 numero
719 1242 917 1291 capiendis
950 1241 1110 1279 urbibus
1142 1246 1232 1290 apta

162 1310 216 1336 000
236 1301 500 1339 Instrumenta
532 1305 649 1350 queat
681 1301 1037 1350 comprehendere?
1075 1300 1244 1349 Longior
1275 1313 1398 1350 aequo

233 1360 403 1407 Efficiar,
437 1360 469 1397 si
500 1365 639 1398 cuncta
670 1361 790 1398 velim
822 1360 1050 1407 describere,
1084 1372 1249 1409 quorum

234 1419 401 1457 Nomina
432 1419 501 1457 vix
533 1420 690 1469 capiunt
720 1419 853 1457 faciles
885 1419 1081 1457 horrentia
1112 1419 1257 1457 Musae.

294 1478 442 1516 Verum
473 1491 544 1527 age
575 1479 733 1516 terrifici
766 1479 970 1516 verissima
1001 1478 1164 1516 fulmina
1195 1478 1330 1516 Martis

235 1536 463 1587 Expediam,
497 1538 646 1576 sonitus
679 1538 801 1575 dictas
834 1538 882 1575 de
914 1538 1067 1575 nomine
1099 1538 1203 1575 rauci

163 1605 216 1631 605
237 1596 485 1644 Bombardas,
517 1597 718 1634 hominum
750 1597 881 1634 clades
912 1609 1121 1648 rerumque
1154 1597 1295 1643 ruinas7

234 1656 437 1693 Murorum
467 1660 668 1704 tormenta,
701 1656 861 1693 deorum
894 1656 1005 1704 signa
1035 1656 1187 1693 furoris.

236 1715 351 1753 Tales
382 1714 489 1752 mille
520 1719 652 1753 tamen
684 1716 818 1753 videas
850 1715 913 1752 hic
943 1727 1032 1753 aere
1065 1727 1203 1752 sonoro

235 1773 387 1812 Artifici
417 1774 539 1811 factas
571 1787 699 1824 opera,
732 1778 835 1812 stant
866 1774 1045 1812 curribus
1077 1774 1165 1812 altis

235 1833 399 1870 Innixae
431 1833 650 1883 validisque
681 1834 788 1881 rotis,
822 1837 926 1871 stant
957 1833 1091 1871 ordine
1122 1833 1238 1883 longo

163 1900 216 1928 070
235 1892 286 1930 Et
316 1892 421 1930 vario
453 1896 646 1930 tormenta
677 1893 809 1930 Iovem
842 1897 993 1931 motura
1023 1896 1221 1931 tonantem

236 1951 444 1989 Terribiles
476 1952 564 1989 visu
595 1952 750 1999 formae,
783 1952 875 1990 licet
905 1956 986 1990 arte
1018 1952 1204 2001 magistra

236 2010 356 2048 Nulla
385 2010 547 2048 laborati
578 2011 700 2048 maior
731 2011 781 2048 sit
812 2011 936 2060 gratia
966 2011 1068 2049 facti.

234 2069 328 2107 Illas
361 2081 475 2120 saepe
507 2070 643 2107 videns
674 2070 817 2120 aliquis
849 2070 1052 2118 dubitavit,
1084 2083 1132 2108 an
1165 2075 1271 2109 esset

234 2128 330 2166 Plus
362 2141 500 2178 operae
531 2129 647 2179 pretii
680 2142 796 2179 quam
829 2130 932 2179 quod
964 2130 1061 2168 foret
1091 2130 1185 2167 artis
1217 2130 1256 2167 in
1288 2130 1377 2178 inis,

163 2196 216 2222 675
237 2187 335 2225 Cum
365 2191 497 2226 tamen
529 2201 581 2226 ex
611 2200 735 2238 aequo
767 2189 892 2238 spatio
925 2193 1119 2227 constaret
1150 2192 1369 2239 utrumque.

234 2246 336 2284 Nam
367 2247 457 2296 quia
488 2259 565 2285 non
596 2259 762 2297 usquam
793 2248 981 2286 fundendi
1012 2248 1211 2298 operosior
1241 2249 1341 2286 aeris

236 2304 343 2344 Gens
375 2306 450 2344 alia
481 2310 542 2345 est
572 2306 750 2356 Europae
782 2306 882 2345 inter
912 2307 1103 2346 latissima
1134 2319 1265 2356 regna,
