1640 2650
150 144 172 181 8
180 145 202 181 6
597 156 792 191 BVSCHIVS,
824 157 981 183 LIPSICA.

148 281 248 316 [Biijb]
269 274 431 320 Moenia,
464 275 532 312 sed
565 275 703 313 doctus
730 275 907 314 Veronae
939 276 1041 314 fama
1074 276 1251 315 Catullus

218 333 434 383 Vndivagis
465 338 509 372 ut
540 338 578 372 te
609 335 830 382 celebravit,
863 335 1014 383 Sirmio,
1046 337 1172 383 terris,

218 393 282 431 Sic
313 397 373 430 est
404 394 596 432 formosus
627 394 723 443 Lips
755 395 870 432 urbes
901 394 1003 433 inter
1034 396 1192 434 ocellus.

218 452 346 490 Huius
379 465 495 502 quam
527 453 630 491 celso
663 457 903 502 consurgunt
933 466 1075 503 aggere
1107 456 1219 503 muri,

146 520 198 546 240
220 510 345 559 Quam
376 512 538 561 cingunt
571 513 717 550 crebris
749 513 937 550 munitam
969 514 1140 551 turribus
1171 516 1324 553 urbem!

219 570 343 618 Quam
376 571 450 609 late
482 576 691 610 occurrunt
723 572 827 609 omni
859 572 941 610 sine
975 573 1086 610 sorde
1117 573 1283 622 plateae!

218 630 293 668 Hic
325 631 510 680 pulchros
541 631 618 669 alte
649 631 803 680 fastigia
834 632 972 669 tollere
1004 632 1130 670 cernis

216 690 400 740 Vndique
433 694 471 728 et
501 694 664 740 aequata
695 691 904 740 procedere
935 692 1060 729 fronte
1092 696 1266 741 penates.

216 749 346 787 Efficit
378 750 417 786 in
449 750 576 787 medio
609 750 832 799 spectabilis
863 763 953 789 area-
983 751 1070 788 visu

144 816 196 842 245
215 809 487 858 Planiciesque
518 810 657 857 forum,
690 810 792 859 quod
825 810 964 848 dextra
995 810 1101 848 cun'a
1132 816 1242 860 parte

217 868 397 918 Desuper
426 868 618 918 inspectat
651 874 764 907 coetu
797 869 937 919 stipata
970 870 1140 908 verendo

218 928 404 975 Iustitiae,
436 928 499 966 cui
530 941 622 966 cura
653 933 780 975 tenax,
814 929 877 966 cui
908 941 1023 967 verus
1055 930 1207 968 honesti

214 987 341 1024 Ardor
371 987 473 1025 inest
503 988 621 1025 animi
652 993 769 1038 atque
801 1001 873 1026 usu
906 989 1111 1038 prudentia
1144 989 1258 1038 longo

181 1058 186 1062 ·
215 1046 372 1084 Nutrita
405 1053 442 1085 et
475 1047 600 1085 virtus
632 1048 738 1085 nullo
770 1060 846 1085 non
878 1048 1046 1086 carmine
1078 1048 1205 1098 digna.

143 1113 195 1139 ‘250
216 1105 338 1153 Quem
369 1106 477 1144 iuvat
507 1112 545 1144 et
576 1107 709 1156 populi
742 1119 868 1145 mores
900 1108 1045 1155 audire,
1077 1108 1239 1146 docebo:

216 1165 289 1203 1119
320 1170 476 1215 patrum
509 1167 686 1216 sequitur
718 1167 891 1204 studium
925 1167 1124 1217 sanctique
1156 1173 1324 1216 senatus7

219 1225 290 1262 Est
321 1225 511 1274 placidus,
545 1226 726 1273 clemens,
759 1226 948 1274 adfabilis,
982 1227 1144 1275 integer,
1175 1233 1290 1277 aptus

214 1284 400 1333 Ingeniis,
432 1285 542 1323 vultu
575 1285 749 1334 pulcher,
782 1298 853 1323 nec
885 1290 994 1324 veste
1026 1298 1096 1324 nec
1128 1298 1192 1324 ore

214 1344 420 1385 Barbarus,
451 1344 492 1381 in
524 1344 630 1382 victu
661 1345 820 1391 nitidus,
853 1345 922 1382 sed
955 1345 1107 1383 sobrius
1139 1346 1219 1383 odit

143 1410 195 1437 255
215 1403 315 1441 Vota
346 1403 459 1452 gulae
491 1408 530 1442 et
562 1404 672 1441 nimii
704 1405 861 1442 damnat
893 1405 1120 1443 commercia
1153 1405 1272 1442 luxus

145 1470 253 1504 [Biiija]
281 1462 363 1501 Nec
396 1463 493 1501 solet
524 1463 664 1512 ignavo
697 1463 804 1501 luces
836 1464 1101 1502 transmittere
1134 1476 1267 1502 somno

216 1521 297 1559 Nec
330 1534 468 1560 sensus
500 1523 682 1561 hebetare
716 1535 820 1561 mero
852 1528 1105 1573 ventremque
1138 1524 1283 1573 saginis

214 1581 390 1619 Tendere
421 1594 493 1620 1199
525 1582 615 1620 111110
647 1583 808 1621 1011111119
839 1582 1000 1621 libidine
1033 1583 1141 1621 solvi.

217 1641 402 1689 Indulget
434 1646 564 1679 tamen
594 1642 803 1690 interdum7
837 1655 926 1679 cum
957 1647 1129 1692 tempora
1160 1647 1326 1692 poscunt

143 1708 195 1734 2110
214 1700 418 1738 Laetitiae:
453 1713 542 1738 cum
573 1714 690 1739 causa
721 1705 860 1749 11101191,
895 1714 983 1739 911111
1016 1702 1151 1740 suadet
1183 1703 1375 1751 honestas,

215 1759 315 1797 Tum
347 1760 421 1797 coit
452 1761 630 1798 excussis
662 1773 821 1799 concors
854 1761 995 1799 vicinia
1027 1761 1140 1799 curis.

214 1818 395 1868 Explicat
425 1823 463 1857 et
494 1820 661 1858 frontem
693 1820 795 1858 risus
828 1832 1031 1870 sermoque
1063 1820 1271 1868 modestus,

214 1878 429 1928 Dulciaque
460 1879 634 1917 unanimi
667 1879 794 1917 studio
826 1880 1001 1918 convivia
1031 1881 1194 1918 fervent.

213 1937 331 1975 Nulla
363 1938 444 1975 dies
475 1938 570 1976 alias
603 1939 726 1977 sterili
757 1939 998 1977 consumitur
1030 1952 1114 1987 usu,

142 2004 194 2031 265
215 1997 359 2034 Intenti
392 1997 459 2035 sed
492 2010 589 2047 opus
621 1998 767 2036 faciunt
799 2011 1017 2048 segnesque
1049 2002 1227 2037 coercent

213 2056 509 2106 Emendantque
540 2069 666 2095 mores
698 2070 769 2095 nec
801 2062 973 2107 tempora
1007 2070 1115 2096 cassa
1147 2058 1275 2096 labore

213 2115 408 2164 Effugisse
441 2116 575 2154 sinunt
606 2117 787 2166 omnique
819 2117 996 2166 expertia
1027 2118 1166 2155 fructu.

214 2174 401 2224 Quodque
433 2176 558 2224 magis
589 2176 742 2214 laudes:
775 2181 886 2214 natos
917 2177 1148 2214 adsuescere
1180 2188 1320 2226 parvos

214 2232 362 2271 Officiis
406 2239 670 2285 quantumque
703 2235 831 2273 valent
863 2236 912 2273 ad
943 2236 1105 2273 honesta
1136 2240 1317 2273 vocantes

142 2301 194 2327 270
212 2293 405 2331 Erudiunt
436 2297 474 2332 et
505 2307 580 2344 qua
610 2294 762 2333 vicinus
794 2299 903 2344 parte
933 2295 1136 2342 iuvandus,
