1640 2650
210 191 264 227 36
621 202 807 237 EOBANVS,
840 202 1074 228 NORIBERGA.

278 320 376 358 Inde
407 332 543 358 canam
574 319 705 370 potius
735 332 834 370 quae
866 320 956 369 plus
987 320 1169 358 habuisse
1200 320 1341 359 favoris

278 379 330 417 Et
360 379 490 417 minus
520 379 688 416 invidiae
719 379 887 428 possint:
921 391 1024 417 1111110
1056 383 1192 429 coepta
1222 392 1440 429 sequemur.

630 533 795 570 Forum
829 533 1092 571 maximum.

280 616 363 654 Iam
394 617 476 654 fora
507 616 612 654 civili
645 616 676 653 si
709 628 922 666 prosequar
953 617 1081 654 onmia
1112 629 1241 663 versu,

208 684 260 709 815
278 675 325 713 In
357 676 499 726 quibus
530 676 592 713 hic
625 676 794 725 populus
826 676 981 713 diversa
1012 677 1166 724 negotia
1196 679 1346 722 tractat,

280 733 485 773 Offendam
518 735 690 784 placidas
723 735 852 772 nimiis
882 735 1112 784 ambagibus
1143 747 1275 772 aures:

280 793 366 832 Non
399 794 489 844 quia
516 806 591 831 11011
618 794 777 832 meritae
804 794 881 832 sint
905 807 973 832 eae
999 806 1152 844 quoque
1178 795 1334 832 nomina
1360 799 1502 844 partes,

281 853 360 892 Sed
391 853 484 903 quia
514 853 564 891 de
595 853 731 890 multis
762 866 835 902 ego
868 854 1038 891 scribere
1070 866 1192 902 pauca
1224 854 1412 891 volebam.

280 911 387 960 Quae
419 925 508 950 cum
540 918 600 950 ter
631 913 703 950 tria
736 913 823 959 sint,
856 913 905 950 de
937 917 995 950 ter
1026 913 1149 950 tribus
1180 913 1320 950 attinet
1352 925 1471 950 unum

208 980 259 1005 820
280 972 430 1019 Dicere,
463 972 578 1021 quod,
610 972 770 1021 reliquis
802 984 890 1009 cum
925 972 974 1009 sit
1006 972 1227 1021 spatiosius,
1260 973 1345 1021 ipso

279 1031 484 1069 Praevalet
516 1032 587 1069 1100
619 1031 748 1077 etiam,
781 1032 885 1080 quod
917 1037 957 1069 et
987 1036 1048 1069 est
1079 1031 1289 1080 pretiosius
1321 1032 1424 1069 omni

281 1090 421 1129 Cultus
452 1090 608 1127 luxuria
640 1103 846 1140 rerumque
879 1091 1121 1140 frequentius
1154 1103 1239 1128 usu.

281 1150 401 1187 Cuius
432 1150 481 1187 ad
512 1150 697 1199 aequales
729 1150 997 1199 quadrangula
1027 1150 1129 1187 linea
1160 1154 1290 1199 partes

281 1209 446 1246 Ducitur
476 1209 626 1258 aequali
659 1210 784 1258 spatio
817 1210 891 1246 sibi
923 1209 1060 1246 dissita
1090 1210 1138 1246 ab
1170 1210 1274 1247 0111111

210 1277 261 1301 ,cs-25
281 1268 442 1306 Limite:
476 1268 533 1305 sic
564 1269 752 1318 quadrata
783 1269 854 1305 fori
889 1270 931 1305 fit
961 1269 1084 1305 forma
1115 1269 1283 1317 patentis

281 1326 434 1377 Terque
466 1332 679 1377 quaterque
705 1328 841 1365 decem
867 1339 1007 1377 passus
1033 1328 1097 1364 vel
1128 1328 1217 1376 plus
1244 1328 1373 1364 minus
1399 1328 1501 1365 omni

281 1387 397 1424 Parte
429 1387 500 1434 sui,
534 1387 668 1436 spatiis
701 1391 779 1424 tam
812 1387 1035 1435 ingentibus
1065 1399 1155 1424 area
1187 1387 1360 1436 quadrat.

282 1445 377 1483 Tam
409 1446 575 1483 celebris
608 1459 683 1483 non
717 1458 840 1495 pauca
871 1446 943 1483 fori
975 1446 1206 1483 commercia
1237 1458 1391 1495 possem

283 1504 323 1544 Si
355 1517 558 1543 numerare
590 1505 720 1552 velim,
753 1517 853 1555 quae
886 1505 993 1553 vulgi
1025 1506 1196 1554 postulat
1228 1517 1334 1551 usus,

210 1574 262 1597 sao
282 1563 422 1602 Omnia
452 1577 551 1614 quae
583 1565 726 1614 populo
759 1564 990 1605 venduntur,
1023 1569 1215 1611 emuntur,
1247 1568 1418 1613 aguntur

213 1631 277 1665 [fia]
307 1623 353 1660 In
385 1624 514 1661 medio
547 1628 736 1661 conventa
768 1624 860 1670 foro⁷
893 1624 996 1673 quod
1029 1628 1204 1673 tempore
1237 1624 1342 1661 1111110

284 1682 422 1720 Cessat
451 1687 491 1720 et
520 1683 655 1720 insano
689 1683 866 1732 strepitat
897 1695 1017 1732 prope
1049 1695 1249 1720 murmure
1280 1683 1416 1720 turbae

283 1742 452 1779 Assidue
483 1742 660 1780 coeuntis
692 1746 731 1780 et
762 1742 863 1780 inter
894 1754 980 1779 sese
1010 1742 1204 1790 agitantis,

283 1801 502 1851 Magnaque
534 1814 731 1851 parvaque
763 1802 864 1839 facta
895 1801 1035 1839 infecta
1068 1801 1222 1850 negotia
1253 1813 1393 1838 rerum.

212 1869 264 1893 833
284 1860 389 1898 Milia
421 1864 478 1897 tot
509 1860 681 1909 capitum
713 1860 820 1898 nullo
852 1872 928 1897 non
960 1872 1081 1910 paene
1113 1860 1264 1897 dierum

285 1919 530 1957 Conveniunt
562 1920 727 1968 strepitu
759 1923 866 1958 tanto
898 1920 1048 1957 fervore
1080 1919 1236 1965 forensi⁷

284 1978 339 2016 Vt
370 1978 402 2016 si
435 1978 497 2016 cui
529 1979 593 2016 vel
623 1991 740 2028 apum
773 1979 888 2016 libeat
919 1990 1150 2028 componere
1181 1978 1315 2015 densis

284 2037 528 2086 Agminibus,
560 2050 651 2075 cum
682 2042 762 2075 tota
795 2038 876 2075 suis
908 2038 1089 2075 examina
1119 2037 1220 2074 lucis

285 2096 636 2145 Conglomerantur
665 2101 703 2134 et
734 2097 903 2135 arboreis
934 2097 973 2133 in
1005 2096 1206 2134 frondibus
1238 2096 1408 2137 haerent.

212 2164 266 2189 840
284 2155 360 2193 Vel
391 2155 638 2194 formicarum
670 2168 790 2194 verno
823 2157 895 2193 sub
928 2156 1009 2193 sole
1040 2155 1200 2193 ferenda

284 2214 386 2253 Mole
417 2215 662 2253 laborantum
692 2215 829 2261 turbis,
861 2227 937 2252 non
967 2214 1104 2252 frivola
1134 2218 1280 2263 peccet,

283 2273 370 2311 Non
402 2273 520 2312 etiam
551 2274 671 2312 simili
702 2286 778 2312 non
810 2274 934 2323 possit
963 2273 1132 2322 imagine
1164 2273 1239 2311 dici

284 2332 391 2370 Vsus
424 2336 463 2370 et
493 2333 671 2382 apposita
702 2345 784 2371 rem
816 2333 1105 2370 demonstrasse
1136 2333 1273 2381 figura,
