1640 2650
563 207 818 240 ENGExrixvs,
850 206 1096 231 ananmA.
1414 193 1436 230 6
1446 193 1469 229 7

311 328 374 366 Sic
405 327 552 377 passim
584 326 754 375 gaudent
786 325 879 362 flore
910 323 1128 374 pudicitiae.

251 387 322 425 His
354 387 388 425 si
419 386 506 436 quis
537 386 656 423 vellet
687 385 867 423 civilibus
898 383 1042 420 addere
1075 383 1294 432 quicquain.

310 446 506 483 Diffusum
537 445 642 494 longi
675 444 858 482 carminis
889 454 1033 492 aequor
1063 442 1190 479 hahet.

252 505 445 555 Torqueat
476 505 552 542 huc
584 505 706 541 fetum
739 503 854 549 celer,
888 507 931 539 ut
963 501 1191 549 Tirynthius
1222 512 1391 548 anguem

179 573 231 599 260
310 564 416 602 Inter
446 563 613 602 coniecit
645 563 773 600 sidera
804 562 893 599 bina
924 562 1060 598 ferum.

181 631 260 666 {b-xh]
294 623 352 661 Tu
383 623 497 661 modo
529 627 645 671 tange
677 622 800 670 lyram
833 621 980 670 plectro
1012 620 1233 668 fidibusque
1266 618 1418 656 sonoris

313 682 487 721 Candida
518 682 622 732 quod
654 686 834 730 superest
865 680 993 730 pande
1026 679 1160 716 Thalia
1191 678 1296 715 mihi.

253 742 440 780 Inlustrat
510 745 663 779 coetum
736 740 831 777 felix
902 738 1099 776 academia
1169 737 1316 787 passim

312 800 528 851 Aequanda
558 805 624 837 aut
655 799 805 837 cunctis
836 797 1088 836 anteferenda
1120 797 1274 834 scholis.

181 869 233 895 265
255 860 378 908 Quam
411 860 493 897 dm(
523 859 729 897 Austriaco
761 858 955 908 quondam
988 857 1037 894 de
1069 856 1258 905 sanguine
1291 858 1408 893 natus

315 919 495 957 Condidit
526 919 710 956 Albertus
742 917 1019 966 constituitque
1051 928 1200 953 novam.

254 979 392 1016 Inclita
422 978 641 1028 progenies,
675 989 751 1026 qua
781 989 921 1025 magna
954 975 1124 1025 potentia
1155 975 1300 1012 Romae

315 1037 479 1087 Saepius
510 1039 710 1086 Augustos
741 1036 884 1085 gaudet
915 1035 1058 1072 habere
1091 1035 1199 1071 suos!

254 1097 327 1135 Ille
359 1103 401 1134 ut
433 1102 515 1134 erat
546 1108 729 1145 magnum
763 1095 979 1132 studiorum
1012 1094 1141 1131 dictus
1171 1093 1337 1141 asylum,

182 1164 235 1192 270
315 1156 431 1193 Hunc
463 1155 585 1193 voluit
618 1155 750 1193 sedem
782 1154 953 1192 Palladis
985 1165 1071 1191 esse
1102 1152 1242 1190 locum.

255 1215 305 1253 Et
348 1227 396 1252 ne
440 1215 536 1252 dura
579 1215 679 1252 foret
722 1213 889 1263 propriis
933 1213 1030 1250 haec
1073 1216 1177 1250 terra
1221 1210 1382 1252 colonis,

315 1274 391 1313 Sed
423 1274 554 1323 potius
587 1273 748 1323 sophiae
780 1276 1084 1322 consequeretur
1116 1283 1220 1320 opes,

255 1333 392 1372 Nobile
433 1333 591 1371 donavit
630 1338 709 1370 tam
751 1332 854 1369 clara
895 1331 985 1369 dote
1024 1331 1268 1379 Friburgum,

315 1393 370 1431 Vt
403 1393 453 1430 sit
483 1392 676 1430 nobilibus
709 1392 820 1428 docta
851 1390 1044 1440 palaestra
1076 1390 1181 1427 viris.

185 1460 236 1487 275
256 1452 415 1501 Imperii
447 1451 589 1490 Caesar
625 1451 729 1489 rexit
765 1456 849 1488 tum
890 1451 1010 1487 frater
1048 1449 1230 1489 habenas,

316 1511 418 1549 Hinc
448 1511 590 1548 melius
622 1514 710 1548 voto
742 1522 818 1559 quo
849 1510 1047 1547 frueretur
1078 1512 1170 1546 erat.

259 1570 449 1608 Censibus
486 1574 652 1607 erectam
692 1569 859 1606 multum
900 1568 1114 1605 cumulant
1151 1566 1303 1616 opimis,

318 1628 423 1676 Quos
455 1641 526 1666 nec
557 1633 770 1677 tempestas
803 1639 873 1665 nec
905 1627 1005 1676 rapit
1036 1627 1093 1664 ira
1123 1626 1240 1664 Iovis.

259 1688 318 1726 Ad
362 1688 557 1726 tumulum
611 1687 722 1725 cuius
766 1687 981 1724 viridantes
1033 1686 1206 1735 spargite
1255 1685 1386 1732 flores,

186 1755 238 1782 280
318 1747 398 1785 Vos
423 1747 642 1796 Nymphae,
674 1750 713 1784 et
738 1746 859 1784 violas
889 1745 1177 1795 Coryciumque
1203 1756 1370 1791 crocum7

260 1806 502 1844 Leucothoes
571 1807 762 1852 fructum⁷
824 1817 975 1842 necnon
1044 1804 1221 1842 Cinareia
1289 1803 1390 1841 dona

317 1865 369 1903 Et
400 1877 490 1903 cum
521 1865 730 1915 purpureis
761 1864 841 1901 lilia
874 1865 971 1902 ferte
1002 1864 1113 1910 rosis,

189 1932 264 1967 [cia]
302 1924 357 1962 Vt
387 1925 493 1962 fulva
526 1924 652 1973 capiat
681 1923 854 1973 requiem
887 1923 969 1960 dux
999 1927 1132 1961 tantus
1163 1934 1305 1960 acerra,

318 1984 372 2021 Vt
403 1983 500 2022 felix
531 1987 673 2020 terram
707 1983 848 2020 sentiat
879 1983 1015 2020 umbra
1045 1983 1184 2020 levem.

188 2051 240 2078 285
258 2043 309 2081 Et
341 2043 435 2093 quid
468 2043 572 2081 enim
605 2042 729 2080 maius
761 2041 886 2091 potuit
917 2046 1116 2091 praestare
1147 2041 1285 2089 lyceo?

318 2101 383 2140 Nil
414 2101 598 2151 equidem
630 2101 736 2139 celso
769 2101 839 2138 sub
871 2101 963 2138 Iove
995 2101 1120 2138 maius
1152 2103 1244 2137 erat.

260 2161 334 2199 His
373 2165 456 2199 tuta
493 2160 680 2210 auspiciis
720 2159 887 2198 fecunda
923 2160 1122 2198 academia
1160 2158 1273 2197 floret,

320 2220 567 2270 Florebitque
599 2219 690 2257 olim
722 2231 797 2257 non
829 2219 1003 2268 peritura
1033 2219 1112 2256 diu.

261 2279 335 2317 Hic
368 2284 468 2326 sunt,
501 2279 568 2329 qui
600 2278 767 2316 multum
799 2290 962 2327 superas
1002 2277 1253 2327 speculantur
1290 2276 1330 2314 in
1368 2287 1483 2314 auras

190 2345 243 2372 290
320 2338 371 2376 Et
402 2342 594 2388 quaerunt
624 2337 757 2386 magni
788 2337 946 2374 numina
978 2337 1080 2374 trina
1111 2336 1194 2374 Dei.

1227 2415 1267 2449 5*
