1640 2650
638 166 829 202 mserum,
862 165 1018 191 LIPSICA.
1418 152 1440 187 8
1448 151 1470 187 3

259 287 337 326 Seu
369 286 471 336 quod
503 285 704 334 Lampetie
738 284 839 322 Solis
871 284 1054 333 pascebat
1086 282 1125 319 in
1157 282 1260 319 arxis

260 347 337 384 Seu
369 345 472 395 quod
504 357 573 393 per
605 344 867 393 Stmphadum
904 354 1061 391 campos
1094 341 1328 389 Cythereius
1360 340 1473 377 heros

257 406 396 443 Errare
429 409 468 441 et
499 404 605 441 1111110
638 416 766 441 coram
798 402 958 440 custode
990 402 1145 439 videbat

259 464 430 502 Candida
461 463 663 500 demersae
694 463 815 499 latera
845 462 1035 499 acclinare
1067 460 1252 509 genistae.

188 532 238 558 135
258 523 360 561 Hinc
393 523 463 560 sibi
495 523 654 560 mactari
686 526 817 559 tauros
849 524 1021 570 (uitasset
1052 520 1202 569 opimos

189 590 266 625 [Bia]
287 582 464 632 Iuppiter
494 595 513 619 a
547 581 689 631 populo
720 581 833 618 laetis
866 580 1008 618 victore
1040 579 1259 628 triunqihis,

258 642 359 679 Hinc
392 642 463 679 sihi
496 642 676 678 iussisset
706 644 879 678 auratam
912 641 1036 677 fronte
1068 639 1271 676 iuvencam

258 702 356 739 Iuno
388 701 547 738 devotas
579 700 663 737 sisti
696 700 858 748 genialis
890 699 937 737 ad
969 711 1066 736 aras.

259 761 340 798 Nec
371 761 499 797 minus
533 761 626 797 hacc
658 760 773 808 regim
806 759 936 796 minus
968 759 1062 796 haec
1093 758 1208 795 habet
1239 769 1305 795 ora
1324 758 1475 794 feroces

189 829 240 854 140
260 820 462 869 Alipedes:
495 820 572 857 alto
605 820 822 868 glomerant
854 819 891 855 in
924 818 1084 867 pulvere
1116 829 1287 866 gressus,

263 879 367 927 Quos
400 880 495 917 haec
527 879 652 927 gignit
684 879 844 927 humusg
878 878 1011 915 cervix
1043 877 1193 914 velatur
1224 876 1398 914 honestis

259 939 527 988 Luxuriatque
560 938 671 985 iubis,
703 950 816 975 aures
848 937 1020 974 nmdicae
1053 941 1168 986 atque
1202 936 1386 973 subactus

259 998 408 1036 Venter
440 1002 480 1035 et
510 1002 691 1046 argutum
724 1000 839 1046 caput
870 997 960 1043 illis,
993 996 1152 1045 pinguia
1183 1000 1293 1043 terga

259 1057 588 1107 Exsuperanstple
620 1057 713 1094 toris
745 1060 883 1105 pectus
915 1056 1128 1105 clunesque
1161 1055 1327 1092 rotundi.

190 1126 240 1151 145
260 1117 408 1154 Horum
441 1129 531 1166 pars
563 1116 733 1166 equitem
766 1116 879 1153 dorso
911 1115 1014 1163 gerit
1045 1127 1228 1164 armaque
1260 1114 1406 1162 gaudet

261 1176 447 1225 Aspicere
480 1179 517 1213 ct
550 1180 686 1213 cantus
718 1175 853 1224 procul
886 1175 1071 1212 exaudire
1102 1175 1293 1220 tubarum,

260 1236 394 1273 Altera
425 1247 515 1284 pars
547 1235 690 1273 domito
722 1235 822 1284 rapit
853 1234 989 1272 esseda
1023 1233 1169 1271 Gallica
1203 1233 1301 1270 collo

263 1294 529 1333 Stridentesve
560 1298 663 1332 rotas
694 1294 872 1331 attritave,
904 1294 1075 1343 pondere
1108 1294 1278 1342 plaustra

260 1355 340 1391 Aut
372 1366 490 1402 grave
522 1358 662 1391 tractat
693 1366 789 1391 onus
821 1357 962 1391 terram
996 1352 1217 1390 renovantis
1249 1352 1374 1389 aratri.

191 1422 242 1447 150
262 1413 303 1451 Si
334 1414 447 1451 modo
480 1413 665 1451 deflectas
697 1413 828 1450 oculos
860 1413 909 1450 ad
940 1424 1100 1450 amoena
1132 1424 1342 1461 parumper

261 1473 421 1517 Pascua,
453 1485 550 1522 quas
581 1472 662 1510 illic
694 1476 849 1510 urentes
881 1473 983 1509 culta
1016 1472 1187 1521 capellas

262 1531 415 1579 Quosve
447 1543 587 1580 greges
619 1532 749 1569 ovium
780 1535 982 1580 carpentes
1014 1531 1186 1579 gramina
1220 1531 1373 1568 cernes!

262 1591 348 1628 Illis
378 1591 600 1639 Endymion
633 1591 774 1640 (pecori
807 1595 867 1628 est
899 1603 940 1628 ea
975 1590 1098 1639 gratia
1129 1591 1282 1640 cuncto)

261 1650 294 1688 E
327 1651 432 1688 caelo
465 1650 617 1687 niveam
648 1654 781 1699 posset
812 1650 1004 1687 deducere
1036 1650 1198 1688 Lunam.

192 1718 243 1744 155
264 1710 368 1747 Haec
400 1710 496 1747 deus
528 1710 715 1747 Arcadiae
748 1709 780 1747 si
813 1713 962 1758 spectet
993 1709 1118 1757 ovilia7
1151 1712 1311 1758 spernet

192 1777 271 1811 [ij]
298 1769 474 1807 Maenala
505 1782 593 1807 cum
627 1769 735 1806 silvis
767 1769 995 1818 Tegaeaque
1027 1782 1115 1806 rura
1146 1768 1322 1816 Lycaeis.

262 1829 378 1866 Nune
409 1832 563 1866 revocat
593 1832 771 1866 nostrum
803 1829 927 1866 cultos
960 1841 1021 1866 me
1056 1840 1213 1865 carmen
1243 1828 1283 1864 in
1315 1828 1447 1865 hortos

263 1888 314 1925 Et
345 1900 444 1937 quae
476 1889 656 1925 umbrosa
686 1900 812 1925 meam
844 1888 1003 1936 cingunt
1034 1887 1206 1937 pomaria
1236 1887 1399 1936 Lipsim.

265 1946 366 1994 Quid
398 1947 491 1996 pira,
524 1947 617 1997 quid
649 1948 815 1985 referam
846 1947 1047 1985 curvantia
1078 1947 1248 1996 pondere
1280 1958 1407 1983 ramos

194 2015 245 2041 100
264 2007 391 2044 Mala?
433 2006 534 2053 Quid
566 2007 727 2044 Arctoas
759 2019 891 2044 cerasa
923 2006 1169 2044 incendentia
1203 2005 1321 2042 silvas

265 2066 414 2104 Cortice
446 2078 639 2115 purpureo
671 2069 875 2115 castasque
907 2066 1083 2104 imitante
1114 2065 1291 2115 puellas?

264 2126 422 2163 Persica
454 2125 546 2174 «111111
578 2125 703 2162 dicam
735 2128 867 2163 tenera
899 2125 1074 2163 canentia
1105 2125 1217 2162 lana?

264 2184 428 2234 Mespila
461 2185 554 2234 quid
586 2197 725 2233 regum
756 2185 879 2222 claras
910 2185 1044 2222 induta
1075 2185 1259 2221 coronas‘.>

265 2244 336 2281 His
368 2248 410 2281 tu
442 2244 644 2292 iuglandes
676 2244 896 2294 corylisque
926 2244 988 2281 his
1019 2244 1119 2281 adde
1152 2244 1318 2281 minores

196 2310 246 2337 165
268 2302 552 2352 Castaneasque
586 2315 714 2351 nuces⁷
753 2303 817 2341 1110
851 2307 942 2341 sunt
974 2303 1250 2352 comprendere
1281 2304 1442 2349 fructus,

1223 2382 1263 2417 ὅ*
