<?xml version="1.0" encoding="UTF-8"?>
<!DOCTYPE html PUBLIC "-//W3C//DTD XHTML 1.0 Transitional//EN"
    "http://www.w3.org/TR/xhtml1/DTD/xhtml1-transitional.dtd">
<html xmlns="http://www.w3.org/1999/xhtml" xml:lang="en" lang="en">
 <head>
  <title>
</title>
<meta http-equiv="Content-Type" content="text/html;charset=utf-8" />
  <meta name='ocr-system' content='tesseract 3.04.00' />
  <meta name='ocr-capabilities' content='ocr_page ocr_carea ocr_par ocr_line ocrx_word'/>
</head>
<body>
  <div class='ocr_page' id='page_1' title='image "./noribergaillvstr00hessuoft_0089.png"; bbox 0 0 1640 2650; ppageno 0'>
   <div class='ocr_carea' id='block_1_1' title="bbox 569 171 1435 220">
    <p class='ocr_par' dir='ltr' id='par_1_1' title="bbox 569 171 1435 220">
     <span class='ocr_line' id='line_1_1' title="bbox 569 171 1435 220; baseline -0.003 -10"><span class='ocrx_word' id='word_1_1' title='bbox 569 185 753 220; x_wconf 69' lang='lat' dir='ltr'>EOBANVS,</span> <span class='ocrx_word' id='word_1_2' title='bbox 785 184 1021 210; x_wconf 75' lang='lat' dir='ltr'>NORIBERGA.</span> <span class='ocrx_word' id='word_1_3' title='bbox 1382 171 1403 207; x_wconf 79' lang='lat'>‘2</span> <span class='ocrx_word' id='word_1_4' title='bbox 1412 171 1435 207; x_wconf 83' lang='lat'>9</span> 
     </span>
    </p>
   </div>
   <div class='ocr_carea' id='block_1_2' title="bbox 145 301 1400 1596">
    <p class='ocr_par' dir='ltr' id='par_1_2' title="bbox 217 301 1241 349">
     <span class='ocr_line' id='line_1_2' title="bbox 217 301 1241 349; baseline -0.004 -7"><span class='ocrx_word' id='word_1_5' title='bbox 217 304 343 342; x_wconf 77' lang='lat' dir='ltr'>saxea</span> <span class='ocrx_word' id='word_1_6' title='bbox 374 303 586 341; x_wconf 76' lang='lat' dir='ltr'>visceribus</span> <span class='ocrx_word' id='word_1_7' title='bbox 619 304 785 341; x_wconf 79' lang='lat' dir='ltr'>subsunt</span> <span class='ocrx_word' id='word_1_8' title='bbox 817 303 908 349; x_wconf 81' lang='lat' dir='ltr'>sola,</span> <span class='ocrx_word' id='word_1_9' title='bbox 941 301 1087 339; x_wconf 79' lang='lat' dir='ltr'>dixeris</span> <span class='ocrx_word' id='word_1_10' title='bbox 1119 314 1241 338; x_wconf 87' lang='lat' dir='ltr'>unum</span> 
     </span>
    </p>

    <p class='ocr_par' dir='ltr' id='par_1_3' title="bbox 145 360 1329 649">
     <span class='ocr_line' id='line_1_3' title="bbox 145 360 1329 412; baseline 0 -14"><span class='ocrx_word' id='word_1_11' title='bbox 145 372 198 399; x_wconf 78' lang='lat'>580</span> <span class='ocrx_word' id='word_1_12' title='bbox 217 363 316 401; x_wconf 87' lang='lat' dir='ltr'>Esse</span> <span class='ocrx_word' id='word_1_13' title='bbox 348 375 483 400; x_wconf 89' lang='lat' dir='ltr'>omnes</span> <span class='ocrx_word' id='word_1_14' title='bbox 514 362 685 412; x_wconf 77' lang='lat' dir='ltr'>lapidem</span> <span class='ocrx_word' id='word_1_15' title='bbox 716 362 846 408; x_wconf 80' lang='grc'>001108,</span> <span class='ocrx_word' id='word_1_16' title='bbox 880 374 969 398; x_wconf 88' lang='lat' dir='ltr'>nam</span> <span class='ocrx_word' id='word_1_17' title='bbox 1000 361 1176 410; x_wconf 83' lang='lat' dir='ltr'>pluribus</span> <span class='ocrx_word' id='word_1_18' title='bbox 1208 360 1329 398; x_wconf 82' lang='lat' dir='ltr'>antris</span> 
     </span>
     <span class='ocr_line' id='line_1_4' title="bbox 216 421 1166 472; baseline -0.003 -12"><span class='ocrx_word' id='word_1_19' title='bbox 216 422 387 469; x_wconf 83' lang='lat' dir='ltr'>Eruitur,</span> <span class='ocrx_word' id='word_1_20' title='bbox 418 422 645 472; x_wconf 72' lang='lat' dir='ltr'>passimque</span> <span class='ocrx_word' id='word_1_21' title='bbox 679 433 821 470; x_wconf 71' lang='lat' dir='ltr'>specus</span> <span class='ocrx_word' id='word_1_22' title='bbox 853 421 983 458; x_wconf 72' lang='lat' dir='ltr'>nativa</span> <span class='ocrx_word' id='word_1_23' title='bbox 1016 421 1166 458; x_wconf 84' lang='lat' dir='ltr'>theatra</span> 
     </span>
     <span class='ocr_line' id='line_1_5' title="bbox 217 481 1213 530; baseline -0.004 -10"><span class='ocrx_word' id='word_1_24' title='bbox 217 481 409 530; x_wconf 80' lang='lat' dir='ltr'>Saxifragi</span> <span class='ocrx_word' id='word_1_25' title='bbox 441 481 590 518; x_wconf 79' lang='lat' dir='ltr'>ducunt</span> <span class='ocrx_word' id='word_1_26' title='bbox 621 493 774 530; x_wconf 88' lang='lat' dir='ltr'>unoque</span> <span class='ocrx_word' id='word_1_27' title='bbox 807 493 827 518; x_wconf 87' lang='lat' dir='ltr'>e</span> <span class='ocrx_word' id='word_1_28' title='bbox 860 492 1050 517; x_wconf 87' lang='lat' dir='ltr'>marmore</span> <span class='ocrx_word' id='word_1_29' title='bbox 1081 492 1213 516; x_wconf 87' lang='lat' dir='ltr'>muros</span> 
     </span>
     <span class='ocr_line' id='line_1_6' title="bbox 216 539 1272 590; baseline -0.002 -12"><span class='ocrx_word' id='word_1_30' title='bbox 216 541 412 590; x_wconf 76' lang='lat' dir='ltr'>Ingentes,</span> <span class='ocrx_word' id='word_1_31' title='bbox 444 553 636 590; x_wconf 77' lang='lat' dir='ltr'>nusquam</span> <span class='ocrx_word' id='word_1_32' title='bbox 668 540 798 586; x_wconf 70' lang='lat' dir='ltr'>rimae,</span> <span class='ocrx_word' id='word_1_33' title='bbox 832 551 908 576; x_wconf 88' lang='lat' dir='ltr'>non</span> <span class='ocrx_word' id='word_1_34' title='bbox 938 539 1100 576; x_wconf 69' lang='lat' dir='ltr'>vulnera</span> <span class='ocrx_word' id='word_1_35' title='bbox 1132 551 1272 576; x_wconf 85' lang='lat' dir='ltr'>saxum</span> 
     </span>
     <span class='ocr_line' id='line_1_7' title="bbox 215 598 1218 649; baseline -0.002 -12"><span class='ocrx_word' id='word_1_36' title='bbox 215 600 307 638; x_wconf 83' lang='lat' dir='ltr'>Vlla</span> <span class='ocrx_word' id='word_1_37' title='bbox 337 612 406 649; x_wconf 89' lang='lat' dir='ltr'>per</span> <span class='ocrx_word' id='word_1_38' title='bbox 436 599 643 648; x_wconf 82' lang='lat' dir='ltr'>integrum,</span> <span class='ocrx_word' id='word_1_39' title='bbox 676 599 752 636; x_wconf 82' lang='lat' dir='ltr'>nisi</span> <span class='ocrx_word' id='word_1_40' title='bbox 784 611 881 648; x_wconf 87' lang='lat' dir='ltr'>quae</span> <span class='ocrx_word' id='word_1_41' title='bbox 912 599 1039 636; x_wconf 91' lang='grc'>100010</span> <span class='ocrx_word' id='word_1_42' title='bbox 1070 598 1218 635; x_wconf 87' lang='lat' dir='ltr'>ruendo</span> 
     </span>
    </p>

    <p class='ocr_par' dir='ltr' id='par_1_4' title="bbox 145 657 1161 707">
     <span class='ocr_line' id='line_1_8' title="bbox 145 657 1161 707; baseline 0 -13"><span class='ocrx_word' id='word_1_43' title='bbox 145 668 197 695; x_wconf 75' lang='lat'>585</span> <span class='ocrx_word' id='word_1_44' title='bbox 218 659 432 698; x_wconf 85' lang='lat' dir='ltr'>Caedentes</span> <span class='ocrx_word' id='word_1_45' title='bbox 463 659 598 696; x_wconf 87' lang='lat' dir='ltr'>latomi</span> <span class='ocrx_word' id='word_1_46' title='bbox 628 658 794 707; x_wconf 76' lang='lat' dir='ltr'>lapidosi</span> <span class='ocrx_word' id='word_1_47' title='bbox 826 657 976 695; x_wconf 72' lang='lat' dir='ltr'>viscera</span> <span class='ocrx_word' id='word_1_48' title='bbox 1008 657 1161 694; x_wconf 86' lang='lat' dir='ltr'>montis.</span> 
     </span>
    </p>

    <p class='ocr_par' dir='ltr' id='par_1_5' title="bbox 147 716 1311 945">
     <span class='ocr_line' id='line_1_9' title="bbox 147 716 1293 761; baseline 0 -8"><span class='ocrx_word' id='word_1_49' title='bbox 147 726 251 761; x_wconf 79' lang='lat' dir='ltr'>[diiija]</span> <span class='ocrx_word' id='word_1_50' title='bbox 282 718 383 756; x_wconf 87' lang='lat' dir='ltr'>Nam</span> <span class='ocrx_word' id='word_1_51' title='bbox 414 730 533 756; x_wconf 87' lang='lat' dir='ltr'>eunes</span> <span class='ocrx_word' id='word_1_52' title='bbox 566 718 747 755; x_wconf 73' lang='lat' dir='ltr'>scindunt</span> <span class='ocrx_word' id='word_1_53' title='bbox 778 717 900 754; x_wconf 86' lang='lat' dir='ltr'>multa</span> <span class='ocrx_word' id='word_1_54' title='bbox 931 717 970 753; x_wconf 82' lang='lat' dir='ltr'>vi</span> <span class='ocrx_word' id='word_1_55' title='bbox 1001 716 1121 754; x_wconf 87' lang='lat' dir='ltr'>fissile</span> <span class='ocrx_word' id='word_1_56' title='bbox 1154 728 1293 753; x_wconf 82' lang='lat' dir='ltr'>saxum</span> 
     </span>
     <span class='ocr_line' id='line_1_10' title="bbox 217 775 1311 827; baseline -0.003 -12"><span class='ocrx_word' id='word_1_57' title='bbox 217 778 263 815; x_wconf 89' lang='lat' dir='ltr'>In</span> <span class='ocrx_word' id='word_1_58' title='bbox 294 782 501 827; x_wconf 87' lang='lat' dir='ltr'>partesque</span> <span class='ocrx_word' id='word_1_59' title='bbox 533 781 665 814; x_wconf 76' lang='lat' dir='ltr'>secant</span> <span class='ocrx_word' id='word_1_60' title='bbox 697 777 822 814; x_wconf 82' lang='lat' dir='ltr'>varias</span> <span class='ocrx_word' id='word_1_61' title='bbox 855 776 1101 826; x_wconf 82' lang='lat' dir='ltr'>quadrasque</span> <span class='ocrx_word' id='word_1_62' title='bbox 1134 775 1311 813; x_wconf 77' lang='lat' dir='ltr'>recidunt</span> 
     </span>
     <span class='ocr_line' id='line_1_11' title="bbox 218 835 1179 885; baseline -0.002 -11"><span class='ocrx_word' id='word_1_63' title='bbox 218 837 410 875; x_wconf 78' lang='lat' dir='ltr'>Informes</span> <span class='ocrx_word' id='word_1_64' title='bbox 441 837 625 885; x_wconf 78' lang='lat' dir='ltr'>gravibus</span> <span class='ocrx_word' id='word_1_65' title='bbox 658 836 856 885; x_wconf 87' lang='lat' dir='ltr'>poliendas</span> <span class='ocrx_word' id='word_1_66' title='bbox 888 835 978 872; x_wconf 85' lang='lat' dir='ltr'>inde</span> <span class='ocrx_word' id='word_1_67' title='bbox 1010 835 1179 872; x_wconf 78' lang='lat' dir='ltr'>dolabris</span> 
     </span>
     <span class='ocr_line' id='line_1_12' title="bbox 217 894 1253 945; baseline -0.003 -11"><span class='ocrx_word' id='word_1_68' title='bbox 217 896 444 945; x_wconf 79' lang='lat' dir='ltr'>Artifioique</span> <span class='ocrx_word' id='word_1_69' title='bbox 476 908 593 933; x_wconf 85' lang='lat' dir='ltr'>manu</span> <span class='ocrx_word' id='word_1_70' title='bbox 626 900 844 933; x_wconf 66' lang='lat' dir='ltr'>structurae</span> <span class='ocrx_word' id='word_1_71' title='bbox 875 895 914 931; x_wconf 92' lang='lat' dir='ltr'>in</span> <span class='ocrx_word' id='word_1_72' title='bbox 947 907 1087 932; x_wconf 86' lang='lat' dir='ltr'>nomen</span> <span class='ocrx_word' id='word_1_73' title='bbox 1119 894 1253 932; x_wconf 85' lang='lat' dir='ltr'>ituras.</span> 
     </span>
    </p>

    <p class='ocr_par' dir='ltr' id='par_1_6' title="bbox 146 954 1228 1240">
     <span class='ocr_line' id='line_1_13' title="bbox 146 954 1097 993; baseline -0.003 0"><span class='ocrx_word' id='word_1_74' title='bbox 146 964 199 990; x_wconf 73' lang='lat'>590</span> <span class='ocrx_word' id='word_1_75' title='bbox 218 955 387 993; x_wconf 86' lang='lat' dir='ltr'>Assiduo</span> <span class='ocrx_word' id='word_1_76' title='bbox 418 955 552 992; x_wconf 75' lang='lat' dir='ltr'>videas</span> <span class='ocrx_word' id='word_1_77' title='bbox 585 955 712 992; x_wconf 88' lang='lat' dir='ltr'>studio</span> <span class='ocrx_word' id='word_1_78' title='bbox 744 955 893 991; x_wconf 70' lang='lat' dir='ltr'>fervere</span> <span class='ocrx_word' id='word_1_79' title='bbox 924 954 1097 991; x_wconf 84' lang='lat' dir='ltr'>laborem</span> 
     </span>
     <span class='ocr_line' id='line_1_14' title="bbox 217 1013 1155 1052; baseline -0.003 0"><span class='ocrx_word' id='word_1_80' title='bbox 217 1015 377 1052; x_wconf 83' lang='lat' dir='ltr'>Frustra</span> <span class='ocrx_word' id='word_1_81' title='bbox 408 1014 649 1052; x_wconf 78' lang='lat' dir='ltr'>reeidentum</span> <span class='ocrx_word' id='word_1_82' title='bbox 680 1013 863 1051; x_wconf 79' lang='lat' dir='ltr'>camerati</span> <span class='ocrx_word' id='word_1_83' title='bbox 894 1013 1038 1050; x_wconf 88' lang='grc'>10111100</span> <span class='ocrx_word' id='word_1_84' title='bbox 1071 1013 1155 1050; x_wconf 83' lang='lat' dir='ltr'>saxi</span> 
     </span>
     <span class='ocr_line' id='line_1_15' title="bbox 218 1072 1223 1123; baseline -0.003 -11"><span class='ocrx_word' id='word_1_85' title='bbox 218 1074 348 1123; x_wconf 86' lang='lat' dir='ltr'>Atque</span> <span class='ocrx_word' id='word_1_86' title='bbox 379 1073 486 1122; x_wconf 84' lang='lat' dir='ltr'>ipsos</span> <span class='ocrx_word' id='word_1_87' title='bbox 518 1073 688 1122; x_wconf 89' lang='lat' dir='ltr'>pendere</span> <span class='ocrx_word' id='word_1_88' title='bbox 721 1073 827 1110; x_wconf 76' lang='lat' dir='ltr'>velut</span> <span class='ocrx_word' id='word_1_89' title='bbox 859 1072 907 1110; x_wconf 83' lang='lat' dir='ltr'>de</span> <span class='ocrx_word' id='word_1_90' title='bbox 939 1072 1102 1121; x_wconf 81' lang='lat' dir='ltr'>rupibus</span> <span class='ocrx_word' id='word_1_91' title='bbox 1134 1072 1223 1109; x_wconf 88' lang='lat' dir='ltr'>altis</span> 
     </span>
     <span class='ocr_line' id='line_1_16' title="bbox 218 1131 1107 1182; baseline -0.002 -12"><span class='ocrx_word' id='word_1_92' title='bbox 218 1132 424 1182; x_wconf 83' lang='lat' dir='ltr'>Molirique</span> <span class='ocrx_word' id='word_1_93' title='bbox 456 1133 538 1170; x_wconf 89' lang='lat' dir='ltr'>suis</span> <span class='ocrx_word' id='word_1_94' title='bbox 570 1145 591 1170; x_wconf 91' lang='grc'>0</span> <span class='ocrx_word' id='word_1_95' title='bbox 624 1132 783 1170; x_wconf 85' lang='lat' dir='ltr'>sedibus</span> <span class='ocrx_word' id='word_1_96' title='bbox 814 1132 935 1168; x_wconf 85' lang='lat' dir='ltr'>ardua</span> <span class='ocrx_word' id='word_1_97' title='bbox 966 1131 1107 1169; x_wconf 85' lang='lat' dir='ltr'>montis</span> 
     </span>
     <span class='ocr_line' id='line_1_17' title="bbox 217 1191 1228 1240; baseline -0.001 -12"><span class='ocrx_word' id='word_1_98' title='bbox 217 1192 399 1239; x_wconf 74' lang='lat' dir='ltr'>Viseera3</span> <span class='ocrx_word' id='word_1_99' title='bbox 433 1191 626 1240; x_wconf 76' lang='lat' dir='ltr'>saxifrago</span> <span class='ocrx_word' id='word_1_100' title='bbox 656 1191 780 1229; x_wconf 75' lang='lat' dir='ltr'>valles</span> <span class='ocrx_word' id='word_1_101' title='bbox 812 1191 997 1240; x_wconf 78' lang='lat' dir='ltr'>plangore</span> <span class='ocrx_word' id='word_1_102' title='bbox 1028 1191 1228 1228; x_wconf 86' lang='lat' dir='ltr'>resultant.</span> 
     </span>
    </p>

    <p class='ocr_par' dir='ltr' id='par_1_7' title="bbox 147 1250 1400 1536">
     <span class='ocr_line' id='line_1_18' title="bbox 147 1250 1345 1301; baseline 0 -15"><span class='ocrx_word' id='word_1_103' title='bbox 147 1259 200 1286; x_wconf 82' lang='lat'>595</span> <span class='ocrx_word' id='word_1_104' title='bbox 218 1251 281 1289; x_wconf 87' lang='lat' dir='ltr'>Illi</span> <span class='ocrx_word' id='word_1_105' title='bbox 312 1251 420 1301; x_wconf 86' lang='lat' dir='ltr'>operi</span> <span class='ocrx_word' id='word_1_106' title='bbox 450 1251 681 1288; x_wconf 78' lang='lat' dir='ltr'>incumbunt</span> <span class='ocrx_word' id='word_1_107' title='bbox 711 1255 829 1299; x_wconf 87' lang='lat' dir='ltr'>atque</span> <span class='ocrx_word' id='word_1_108' title='bbox 861 1250 1003 1287; x_wconf 80' lang='lat' dir='ltr'>ictibus</span> <span class='ocrx_word' id='word_1_109' title='bbox 1034 1253 1124 1287; x_wconf 67' lang='lat' dir='ltr'>a&#39;era</span> <span class='ocrx_word' id='word_1_110' title='bbox 1155 1252 1345 1299; x_wconf 82' lang='lat' dir='ltr'>rumpunt</span> 
     </span>
     <span class='ocr_line' id='line_1_19' title="bbox 219 1309 1153 1360; baseline -0.002 -12"><span class='ocrx_word' id='word_1_111' title='bbox 219 1310 433 1360; x_wconf 73' lang='lat' dir='ltr'>Perpetuis,</span> <span class='ocrx_word' id='word_1_112' title='bbox 465 1310 543 1348; x_wconf 87' lang='lat' dir='ltr'>iam</span> <span class='ocrx_word' id='word_1_113' title='bbox 575 1322 668 1347; x_wconf 82' lang='lat' dir='ltr'>saxa</span> <span class='ocrx_word' id='word_1_114' title='bbox 700 1322 793 1347; x_wconf 75' lang='lat' dir='ltr'>cava</span> <span class='ocrx_word' id='word_1_115' title='bbox 825 1309 874 1347; x_wconf 89' lang='lat' dir='ltr'>de</span> <span class='ocrx_word' id='word_1_116' title='bbox 907 1309 998 1347; x_wconf 86' lang='lat' dir='ltr'>sede</span> <span class='ocrx_word' id='word_1_117' title='bbox 1030 1309 1153 1346; x_wconf 75' lang='lat' dir='ltr'>recisa</span> 
     </span>
     <span class='ocr_line' id='line_1_20' title="bbox 219 1368 1357 1418; baseline -0.003 -11"><span class='ocrx_word' id='word_1_118' title='bbox 219 1369 347 1408; x_wconf 88' lang='lat' dir='ltr'>Prona</span> <span class='ocrx_word' id='word_1_119' title='bbox 377 1373 496 1407; x_wconf 88' lang='lat' dir='ltr'>ruunt</span> <span class='ocrx_word' id='word_1_120' title='bbox 527 1373 714 1418; x_wconf 85' lang='lat' dir='ltr'>vastoque</span> <span class='ocrx_word' id='word_1_121' title='bbox 745 1372 975 1406; x_wconf 87' lang='lat' dir='ltr'>trementem</span> <span class='ocrx_word' id='word_1_122' title='bbox 1008 1368 1178 1417; x_wconf 86' lang='lat' dir='ltr'>pondere</span> <span class='ocrx_word' id='word_1_123' title='bbox 1210 1371 1357 1405; x_wconf 88' lang='lat' dir='ltr'>terram</span> 
     </span>
     <span class='ocr_line' id='line_1_21' title="bbox 221 1427 1297 1477; baseline -0.002 -11"><span class='ocrx_word' id='word_1_124' title='bbox 221 1428 466 1476; x_wconf 77' lang='lat' dir='ltr'>Concutiunt,</span> <span class='ocrx_word' id='word_1_125' title='bbox 498 1428 613 1477; x_wconf 82' lang='lat' dir='ltr'>longo</span> <span class='ocrx_word' id='word_1_126' title='bbox 635 1428 773 1469; x_wconf 63' lang='grc' dir='ltr'>Δ80111111</span> <span class='ocrx_word' id='word_1_127' title='bbox 803 1440 942 1465; x_wconf 87' lang='grc'>110111118</span> <span class='ocrx_word' id='word_1_128' title='bbox 974 1440 1086 1465; x_wconf 84' lang='grc'>0111110</span> <span class='ocrx_word' id='word_1_129' title='bbox 1118 1427 1297 1476; x_wconf 79' lang='lat' dir='ltr'>remugit.</span> 
     </span>
     <span class='ocr_line' id='line_1_22' title="bbox 221 1486 1400 1536; baseline -0.002 -11"><span class='ocrx_word' id='word_1_130' title='bbox 221 1487 304 1526; x_wconf 84' lang='lat' dir='ltr'>Nee</span> <span class='ocrx_word' id='word_1_131' title='bbox 335 1488 458 1525; x_wconf 87' lang='lat' dir='ltr'>minor</span> <span class='ocrx_word' id='word_1_132' title='bbox 489 1488 550 1525; x_wconf 89' lang='lat' dir='ltr'>his</span> <span class='ocrx_word' id='word_1_133' title='bbox 582 1488 688 1525; x_wconf 88' lang='lat' dir='ltr'>labor</span> <span class='ocrx_word' id='word_1_134' title='bbox 718 1491 788 1534; x_wconf 82' lang='lat' dir='ltr'>est,</span> <span class='ocrx_word' id='word_1_135' title='bbox 821 1487 888 1536; x_wconf 88' lang='lat' dir='ltr'>qui</span> <span class='ocrx_word' id='word_1_136' title='bbox 919 1487 1085 1524; x_wconf 78' lang='lat' dir='ltr'>fortibus</span> <span class='ocrx_word' id='word_1_137' title='bbox 1117 1487 1249 1524; x_wconf 89' lang='lat' dir='ltr'>ordine</span> <span class='ocrx_word' id='word_1_138' title='bbox 1280 1486 1400 1535; x_wconf 77' lang='lat' dir='ltr'>longo</span> 
     </span>
    </p>

    <p class='ocr_par' dir='ltr' id='par_1_8' title="bbox 151 1546 1328 1596">
     <span class='ocr_line' id='line_1_23' title="bbox 151 1546 1328 1596; baseline 0.002 -15"><span class='ocrx_word' id='word_1_139' title='bbox 151 1555 203 1581; x_wconf 73' lang='lat'>600</span> <span class='ocrx_word' id='word_1_140' title='bbox 223 1546 408 1585; x_wconf 88' lang='lat' dir='ltr'>Curribus</span> <span class='ocrx_word' id='word_1_141' title='bbox 440 1547 653 1596; x_wconf 82' lang='lat' dir='ltr'>expediunt</span> <span class='ocrx_word' id='word_1_142' title='bbox 684 1550 723 1584; x_wconf 85' lang='lat' dir='ltr'>et</span> <span class='ocrx_word' id='word_1_143' title='bbox 754 1546 792 1583; x_wconf 92' lang='lat' dir='ltr'>in</span> <span class='ocrx_word' id='word_1_144' title='bbox 824 1547 961 1584; x_wconf 87' lang='lat' dir='ltr'>urbem</span> <span class='ocrx_word' id='word_1_145' title='bbox 995 1558 1087 1583; x_wconf 81' lang='lat' dir='ltr'>saxa</span> <span class='ocrx_word' id='word_1_146' title='bbox 1120 1550 1328 1595; x_wconf 87' lang='lat' dir='ltr'>reportant.</span> 
     </span>
    </p>
   </div>
   <div class='ocr_carea' id='block_1_3' title="bbox 561 1699 1096 1749">
    <p class='ocr_par' dir='ltr' id='par_1_9' title="bbox 561 1699 1096 1749">
     <span class='ocr_line' id='line_1_24' title="bbox 561 1699 1096 1749; baseline -0.002 -11"><span class='ocrx_word' id='word_1_147' title='bbox 561 1700 680 1738; x_wconf 85' lang='lat' dir='ltr'>Fons</span> <span class='ocrx_word' id='word_1_148' title='bbox 711 1700 766 1737; x_wconf 84' lang='lat' dir='ltr'>ad</span> <span class='ocrx_word' id='word_1_149' title='bbox 797 1699 1096 1749; x_wconf 75' lang='lat' dir='ltr'>lapidicinas.</span> 
     </span>
    </p>
   </div>
   <div class='ocr_carea' id='block_1_4' title="bbox 155 1782 1444 2364">
    <p class='ocr_par' dir='ltr' id='par_1_10' title="bbox 155 1782 1444 2364">
     <span class='ocr_line' id='line_1_25' title="bbox 282 1782 1444 1821; baseline -0.002 0"><span class='ocrx_word' id='word_1_150' title='bbox 282 1783 487 1821; x_wconf 81' lang='lat' dir='ltr'>Praeterea</span> <span class='ocrx_word' id='word_1_151' title='bbox 517 1783 716 1821; x_wconf 84' lang='lat' dir='ltr'>arboribus</span> <span class='ocrx_word' id='word_1_152' title='bbox 748 1783 856 1820; x_wconf 79' lang='lat' dir='ltr'>loeus</span> <span class='ocrx_word' id='word_1_153' title='bbox 886 1786 945 1820; x_wconf 89' lang='lat' dir='ltr'>est</span> <span class='ocrx_word' id='word_1_154' title='bbox 967 1786 1005 1820; x_wconf 86' lang='lat' dir='ltr'>et</span> <span class='ocrx_word' id='word_1_155' title='bbox 1026 1794 1211 1820; x_wconf 82' lang='lat' dir='ltr'>amoenus</span> <span class='ocrx_word' id='word_1_156' title='bbox 1231 1786 1270 1820; x_wconf 83' lang='lat' dir='ltr'>et</span> <span class='ocrx_word' id='word_1_157' title='bbox 1292 1782 1444 1819; x_wconf 87' lang='lat' dir='ltr'>umbris</span> 
     </span>
     <span class='ocr_line' id='line_1_26' title="bbox 224 1842 1276 1891; baseline 0 -12"><span class='ocrx_word' id='word_1_158' title='bbox 224 1842 414 1891; x_wconf 76' lang='lat' dir='ltr'>Frigidus,</span> <span class='ocrx_word' id='word_1_159' title='bbox 447 1847 487 1880; x_wconf 86' lang='lat' dir='ltr'>et</span> <span class='ocrx_word' id='word_1_160' title='bbox 515 1842 625 1880; x_wconf 82' lang='lat' dir='ltr'>iuxta</span> <span class='ocrx_word' id='word_1_161' title='bbox 655 1843 741 1879; x_wconf 88' lang='grc'>10118</span> <span class='ocrx_word' id='word_1_162' title='bbox 772 1842 812 1879; x_wconf 88' lang='grc'>111</span> <span class='ocrx_word' id='word_1_163' title='bbox 844 1842 1017 1880; x_wconf 78' lang='lat' dir='ltr'>convalle</span> <span class='ocrx_word' id='word_1_164' title='bbox 1048 1842 1276 1891; x_wconf 84' lang='lat' dir='ltr'>propinqua,</span> 
     </span>
     <span class='ocr_line' id='line_1_27' title="bbox 225 1901 1198 1950; baseline -0.001 -11"><span class='ocrx_word' id='word_1_165' title='bbox 225 1902 361 1939; x_wconf 86' lang='lat' dir='ltr'>Abiete</span> <span class='ocrx_word' id='word_1_166' title='bbox 394 1902 464 1939; x_wconf 90' lang='lat' dir='ltr'>sub</span> <span class='ocrx_word' id='word_1_167' title='bbox 496 1901 606 1950; x_wconf 80' lang='lat' dir='ltr'>nigra</span> <span class='ocrx_word' id='word_1_168' title='bbox 639 1905 769 1938; x_wconf 83' lang='lat' dir='ltr'>manat</span> <span class='ocrx_word' id='word_1_169' title='bbox 800 1901 1062 1949; x_wconf 79' lang='lat' dir='ltr'>gelidissimus</span> <span class='ocrx_word' id='word_1_170' title='bbox 1094 1901 1198 1938; x_wconf 87' lang='lat' dir='ltr'>unda</span> 
     </span>
     <span class='ocr_line' id='line_1_28' title="bbox 225 1960 1079 2010; baseline -0.001 -12"><span class='ocrx_word' id='word_1_171' title='bbox 225 1960 408 1998; x_wconf 73' lang='lat' dir='ltr'>Inclusus</span> <span class='ocrx_word' id='word_1_172' title='bbox 440 1964 544 1998; x_wconf 87' lang='grc'>80010</span> <span class='ocrx_word' id='word_1_173' title='bbox 576 1960 706 2010; x_wconf 86' lang='lat' dir='ltr'>lapidi,</span> <span class='ocrx_word' id='word_1_174' title='bbox 739 1960 956 1998; x_wconf 83' lang='lat' dir='ltr'>sitientibus</span> <span class='ocrx_word' id='word_1_175' title='bbox 989 1961 1079 1998; x_wconf 90' lang='lat' dir='ltr'>olim</span> 
     </span>
     <span class='ocr_line' id='line_1_29' title="bbox 155 2019 1170 2069; baseline 0.003 -16"><span class='ocrx_word' id='word_1_176' title='bbox 155 2027 207 2053; x_wconf 82' lang='grc'>605</span> <span class='ocrx_word' id='word_1_177' title='bbox 225 2019 349 2057; x_wconf 79' lang='lat' dir='ltr'>Dulce</span> <span class='ocrx_word' id='word_1_178' title='bbox 380 2020 641 2068; x_wconf 76' lang='lat' dir='ltr'>refrigerium:</span> <span class='ocrx_word' id='word_1_179' title='bbox 675 2031 750 2056; x_wconf 88' lang='lat' dir='ltr'>non</span> <span class='ocrx_word' id='word_1_180' title='bbox 781 2019 890 2057; x_wconf 86' lang='lat' dir='ltr'>illum</span> <span class='ocrx_word' id='word_1_181' title='bbox 924 2020 1016 2057; x_wconf 87' lang='lat' dir='ltr'>solis</span> <span class='ocrx_word' id='word_1_182' title='bbox 1048 2019 1170 2069; x_wconf 88' lang='lat' dir='ltr'>iniqui</span> 
     </span>
     <span class='ocr_line' id='line_1_30' title="bbox 228 2078 1235 2127; baseline -0.001 -11"><span class='ocrx_word' id='word_1_183' title='bbox 228 2078 465 2127; x_wconf 81' lang='lat' dir='ltr'>Contingunt</span> <span class='ocrx_word' id='word_1_184' title='bbox 496 2079 604 2125; x_wconf 84' lang='lat' dir='ltr'>radii,</span> <span class='ocrx_word' id='word_1_185' title='bbox 637 2091 714 2116; x_wconf 91' lang='lat' dir='ltr'>non</span> <span class='ocrx_word' id='word_1_186' title='bbox 745 2079 910 2116; x_wconf 85' lang='lat' dir='ltr'>densum</span> <span class='ocrx_word' id='word_1_187' title='bbox 940 2079 1066 2127; x_wconf 77' lang='lat' dir='ltr'>frig-us</span> <span class='ocrx_word' id='word_1_188' title='bbox 1097 2078 1235 2123; x_wconf 85' lang='lat' dir='ltr'>adurit,</span> 
     </span>
     <span class='ocr_line' id='line_1_31' title="bbox 228 2137 1337 2187; baseline -0.001 -12"><span class='ocrx_word' id='word_1_189' title='bbox 228 2137 323 2175; x_wconf 85' lang='lat' dir='ltr'>Tam</span> <span class='ocrx_word' id='word_1_190' title='bbox 353 2138 451 2175; x_wconf 88' lang='lat' dir='ltr'>rami</span> <span class='ocrx_word' id='word_1_191' title='bbox 482 2138 650 2175; x_wconf 90' lang='lat' dir='ltr'>nemoris</span> <span class='ocrx_word' id='word_1_192' title='bbox 683 2150 837 2187; x_wconf 89' lang='lat' dir='ltr'>semper</span> <span class='ocrx_word' id='word_1_193' title='bbox 868 2138 1082 2175; x_wconf 80' lang='lat' dir='ltr'>frondentis</span> <span class='ocrx_word' id='word_1_194' title='bbox 1114 2138 1337 2175; x_wconf 86' lang='lat' dir='ltr'>inumbrant</span> 
     </span>
     <span class='ocr_line' id='line_1_32' title="bbox 226 2196 1205 2246; baseline -0.001 -12"><span class='ocrx_word' id='word_1_195' title='bbox 226 2196 278 2234; x_wconf 85' lang='lat' dir='ltr'>Et</span> <span class='ocrx_word' id='word_1_196' title='bbox 307 2197 434 2234; x_wconf 84' lang='lat' dir='ltr'>munit</span> <span class='ocrx_word' id='word_1_197' title='bbox 464 2201 601 2235; x_wconf 86' lang='lat' dir='ltr'>natura</span> <span class='ocrx_word' id='word_1_198' title='bbox 632 2197 716 2243; x_wconf 81' lang='lat' dir='ltr'>loci,</span> <span class='ocrx_word' id='word_1_199' title='bbox 749 2209 837 2234; x_wconf 84' lang='lat' dir='ltr'>nam</span> <span class='ocrx_word' id='word_1_200' title='bbox 868 2209 1028 2246; x_wconf 89' lang='lat' dir='ltr'>pressus</span> <span class='ocrx_word' id='word_1_201' title='bbox 1058 2197 1097 2234; x_wconf 93' lang='lat' dir='ltr'>in</span> <span class='ocrx_word' id='word_1_202' title='bbox 1128 2197 1205 2234; x_wconf 90' lang='lat' dir='ltr'>ima</span> 
     </span>
     <span class='ocr_line' id='line_1_33' title="bbox 227 2255 1240 2305; baseline 0.001 -13"><span class='ocrx_word' id='word_1_203' title='bbox 227 2255 341 2293; x_wconf 79' lang='lat' dir='ltr'>Valle</span> <span class='ocrx_word' id='word_1_204' title='bbox 372 2260 585 2294; x_wconf 80' lang='lat' dir='ltr'>coaretatur</span> <span class='ocrx_word' id='word_1_205' title='bbox 616 2256 789 2305; x_wconf 83' lang='lat' dir='ltr'>lapidum</span> <span class='ocrx_word' id='word_1_206' title='bbox 821 2256 1034 2294; x_wconf 88' lang='lat' dir='ltr'>munimine</span> <span class='ocrx_word' id='word_1_207' title='bbox 1066 2256 1240 2304; x_wconf 71' lang='lat' dir='ltr'>pulchro,</span> 
     </span>
     <span class='ocr_line' id='line_1_34' title="bbox 158 2314 1249 2364; baseline 0.003 -15"><span class='ocrx_word' id='word_1_208' title='bbox 158 2322 210 2349; x_wconf 82' lang='lat'>610</span> <span class='ocrx_word' id='word_1_209' title='bbox 229 2314 282 2352; x_wconf 81' lang='lat' dir='ltr'>Vt</span> <span class='ocrx_word' id='word_1_210' title='bbox 313 2315 345 2352; x_wconf 86' lang='lat' dir='ltr'>si</span> <span class='ocrx_word' id='word_1_211' title='bbox 375 2315 475 2353; x_wconf 75' lang='lat' dir='ltr'>forte</span> <span class='ocrx_word' id='word_1_212' title='bbox 507 2315 611 2353; x_wconf 88' lang='lat' dir='ltr'>sitim</span> <span class='ocrx_word' id='word_1_213' title='bbox 644 2315 696 2352; x_wconf 86' lang='lat' dir='ltr'>sis</span> <span class='ocrx_word' id='word_1_214' title='bbox 729 2315 1005 2363; x_wconf 79' lang='lat' dir='ltr'>exstincturus,</span> <span class='ocrx_word' id='word_1_215' title='bbox 1038 2315 1087 2352; x_wconf 86' lang='lat' dir='ltr'>ad</span> <span class='ocrx_word' id='word_1_216' title='bbox 1119 2315 1249 2364; x_wconf 86' lang='lat' dir='ltr'>ipsum</span> 
     </span>
    </p>
   </div>
  </div>
 </body>
</html>
