1640 2650
194 188 216 225 2
225 188 247 225 6
607 199 793 235 EOBANVS,
825 200 1058 226 XORLBERGA.

261 316 441 366 Namque
473 329 543 355 nec
574 317 774 355 immensis
807 318 1018 356 horrendos
1050 319 1232 356 cornibus
1264 330 1357 357 uros

262 376 347 414 Nec
379 376 556 426 stupidas
588 377 714 425 gignit
746 377 969 426 praelongis
1001 377 1180 415 cruribus
1210 378 1327 425 aloes,

264 435 400 483 Qualia
432 436 665 474 Sarmaticae
697 441 862 485 pascunt
892 436 1073 474 animalia
1105 437 1226 475 silvae

264 494 366 533 Olim
397 495 513 533 etiam
545 499 697 533 nostras
729 508 806 533 non
836 495 1012 544 ignorata
1043 508 1114 545 per
1145 508 1243 543 oras,

191 563 244 589 510
263 554 368 591 Dum
399 555 524 603 magis
555 554 712 592 incultis
746 553 951 592 Germania
984 555 1146 593 saltibus
1177 559 1284 593 esset

263 613 447 658 Horrida,
487 626 586 663 quae
624 614 779 664 proprio
817 626 921 652 nunc
953 619 1013 652 est
1044 615 1098 652 ita
1130 614 1335 664 splendida
1367 615 1485 662 cultu⁷

193 680 274 715 [dijb]
305 673 359 710 Vt
391 673 488 710 nulli
521 673 644 722 possit
675 678 865 711 terrarum
896 674 1046 721 cedere,
1080 686 1216 711 verum

264 732 432 770 Cuilibet
463 733 632 782 aequari.
666 745 937 782 quaecumque
969 733 1025 770 sic
1057 733 1218 771 urbibus
1251 733 1393 782 amplis

263 791 447 829 Praedita
480 797 518 829 et
549 792 734 829 uberibus
766 792 985 830 cultissima
1016 793 1152 830 floreat
1183 792 1300 841 agris.

191 859 243 885 515
264 851 362 889 Sunt
394 856 524 888 tamen
557 856 596 889 et
628 863 785 889 nemora
818 856 857 889 et
889 852 1023 899 saltus,
1061 856 1121 889 est
1158 851 1326 901 plurima
1364 852 1486 890 silvae

265 910 383 959 Copia
415 916 627 948 venantum
661 911 802 948 studiis
833 911 1083 948 accommoda
1113 923 1186 949 nec
1218 911 1312 948 dum

263 970 477 1007 Arboribus
510 969 604 1007 nudi
637 974 788 1007 montes
819 970 1042 1018 ingentibus
1075 982 1219 1018 omneS,

268 1029 378 1066 Vnde
412 1029 463 1066 sit
494 1029 710 1067 innumeris
742 1029 801 1067 vis
833 1029 994 1079 prodiga
1026 1030 1199 1067 materiei

263 1088 422 1135 Vsibus7
454 1092 493 1126 et
524 1094 679 1126 nostrae.
711 1101 758 1127 ne
789 1101 833 1126 ea
865 1089 966 1126 desit
997 1089 1119 1137 gloria
1151 1089 1269 1137 genti,

191 1155 244 1182 520
265 1146 389 1194 Quam
423 1148 535 1185 vacui
568 1161 767 1197 nunquam
799 1153 1041 1197 praestarent
1071 1148 1206 1197 iugera
1238 1148 1376 1197 campi.

263 1207 369 1244 Talis
401 1212 440 1244 et
471 1208 576 1254 haec,
611 1208 722 1245 cuius
753 1208 864 1245 nobis
896 1220 1000 1245 nunc
1031 1207 1202 1245 maxima
1235 1207 1354 1245 Silvae

262 1266 422 1304 Vtilitas
453 1267 702 1304 memoranda
733 1267 817 1313 fuit,
851 1279 949 1316 quae
981 1266 1123 1304 Norica
1154 1267 1303 1304 circum

263 1325 415 1363 Moenia
447 1326 691 1375 prospiciens
724 1326 841 1363 simul
873 1326 1014 1375 amplis
1046 1326 1237 1363 fructibus
1270 1326 1406 1363 urbem

263 1385 407 1422 Adficit
439 1390 479 1422 et
509 1385 643 1431 multa,
676 1385 707 1422 si
741 1397 815 1434 qua
848 1391 908 1422 est
938 1397 983 1422 ea
1014 1385 1146 1434 gloria,
1180 1385 1276 1422 ditat

191 1452 242 1478 525
264 1444 363 1482 Dote
396 1445 649 1494 voluptatum.
713 1443 819 1491 Quae
851 1457 941 1482 cum
973 1444 1022 1481 sit
1054 1444 1216 1481 honesta
1247 1444 1439 1493 voluptas,

261 1503 349 1540 Non
383 1504 602 1552 spernenda
632 1504 716 1550 fuit,
750 1504 844 1541 ratio
877 1503 944 1541 sed
977 1504 1149 1541 maxima
1179 1504 1365 1540 honestae

262 1562 454 1600 Vtilitatis
486 1568 578 1610 erat³
611 1563 723 1600 cuius
756 1563 789 1600 si
820 1563 989 1600 carmine
1021 1563 1098 1600 dici

261 1622 575 1671 Haudquaquam
608 1622 777 1671 simplex
810 1622 927 1660 facies
960 1622 1151 1671 potuisset
1181 1621 1221 1658 in
1253 1621 1343 1668 ullo,

262 1681 346 1719 Hoc
378 1681 495 1718 etiam
526 1682 623 1718 1111111
655 1681 759 1719 dicta
791 1682 898 1718 foret.
942 1681 1059 1719 Nunc
1085 1681 1288 1718 commoda
1312 1684 1486 1729 praestat

190 1748 243 1775 530
262 1740 382 1777 Plura
415 1741 521 1778 111-011
553 1753 670 1790 quam
702 1741 790 1790 quis
821 1741 946 1789 possit
977 1740 1306 1789 comprehendere
1338 1751 1454 1777 versu

262 1799 423 1837 Materia
455 1800 726 1849 quodcumque
752 1800 801 1837 ad
828 1812 937 1849 opus,
970 1811 1216 1849 quacumque
1247 1798 1483 1845 redundans,

264 1858 426 1908 Semper
456 1859 690 1896 inexhausto
722 1859 974 1897 frondescens
1006 1859 1193 1907 germine,
1226 1857 1405 1908 quamvis

261 1918 492 1955 Innumeras
524 1918 643 1955 lasset
674 1923 730 1956 tot
763 1918 917 1955 saecula
948 1930 1062 1956 caesa
1094 1929 1261 1955 secures.

311 1976 421 2024 Quod
441 1989 566 2025 genus
579 1978 661 2023 hoc,
674 1977 835 2015 Musae?
856 1977 966 2015 Ratio
986 1978 1113 2027 quae?
1134 1976 1286 2023 Quasve
1297 1987 1367 2025 per
1379 1978 1483 2013 artes

191 2045 243 2070 535
263 2035 370 2074 Silva
400 2048 473 2073 nec
504 2036 689 2074 immunis
721 2049 792 2074 nec
823 2037 993 2074 maxima
1024 2036 1138 2073 durat
1169 2040 1208 2073 et
1239 2046 1372 2073 omnes

261 2095 422 2132 Viribus
453 2095 538 2144 ipsa
570 2096 652 2133 suis
684 2095 792 2133 velut
821 2095 976 2133 aemula
1006 2095 1148 2133 crescit
1177 2095 1217 2132 in
1247 2095 1396 2132 annos?

263 2153 371 2192 Gens
402 2166 606 2192 nemorum
638 2155 811 2192 studiosa
844 2167 934 2192 suas
967 2153 1175 2192 Germania
1207 2154 1325 2191 silvas

192 2221 285 2255 [diija]
318 2211 412 2262 Ipsa
444 2213 539 2251 serit
571 2214 752 2263 cogitque
789 2226 888 2251 novo
919 2214 1133 2263 pubescere
1164 2213 1263 2251 fetu:

263 2273 362 2311 Cum
393 2272 458 2310 vel
490 2273 630 2310 harena
664 2273 728 2310 siti
760 2273 902 2310 sterilis
933 2272 1099 2310 confecit
1126 2272 1256 2321 iniqua

190 2340 243 2366 540
261 2332 338 2370 Vel
368 2331 476 2369 labor
506 2332 651 2369 excidit
681 2332 888 2369 diuturnus
919 2336 958 2369 et
987 2331 1094 2369 arida
1124 2331 1225 2369 facta
1255 2334 1316 2368 est
