1640 2650
275 135 331 173 80
721 148 915 183 Bvscmvs,
947 149 1105 175 Lresrm.

346 265 396 304 Et
427 266 542 315 genio
573 278 766 314 agrorum,
798 266 905 316 Lips,
937 267 1131 316 incepisse
1162 272 1328 306 tuorum.

346 325 496 363 Horrea
528 337 617 362 nam
648 325 766 362 tantis
798 325 862 363 1110
892 330 1019 363 303133
1050 327 1187 376 implet
1218 327 1359 375 aristis,

346 384 617 434 Flavescitque
650 396 762 433 seges
794 397 952 434 campos
983 385 1047 423 hic
1079 390 1184 424 tanta
1216 399 1286 436 per
1317 399 1462 435 omnes,

347 443 546 493 Tantaque
578 443 759 481 fertilitas
791 444 926 492 glebas
957 445 1139 483 fecundat
1171 446 1331 495 opimas,

282 509 321 535 30
346 502 550 540 Nobilibus
582 506 730 540 certare
762 507 879 552 queat
909 503 1134 552 regionibus
1166 505 1268 543 orbis

346 561 400 600 Vt
431 562 634 611 Lipsensis
666 574 776 610 ager:
810 574 886 599 11011
917 563 1022 600 1111110
1053 563 1304 613 Memphitica
1337 564 1466 611 tellus,

346 621 433 659 Non
464 621 581 659 etiam
614 621 735 659 Siculi
766 621 891 658 facilis
923 626 1133 670 proventus
1164 623 1293 667 aratri,

345 679 434 718 Non
465 681 531 730 qui
565 680 747 718 Stellates
778 680 961 718 dicuntur
993 681 1147 719 nomine
1178 682 1306 731 campi

346 739 489 788 Iugera
520 752 591 777 nec
624 739 780 777 vincent
812 740 915 777 1111110
947 739 1158 789 pinguibus
1190 741 1319 790 Apula
1350 742 1480 779 sulcis.

282 806 320 832 35
347 798 485 836 Sibilat
516 799 579 836 hic
610 811 703 836 aura
734 798 814 835 leni
847 799 1016 848 crispata
1050 800 1174 848 siligo⁷

286 865 402 900 [Aiiijb]
435 858 511 896 Hic
542 858 706 895 fecunda
739 857 857 895 Ceres
888 858 1008 896 tritici
1039 864 1264 907 turgescere
1295 859 1423 909 spicas

347 917 499 955 Gaudet
531 922 569 955 et
600 917 691 954 hinc
722 917 879 954 meritas
911 922 1000 955 avet
1031 923 1260 968 exspectare
1292 931 1462 957 coronas,

345 976 501 1014 Hordea
533 981 635 1014 stant
666 976 747 1014 illic
779 982 818 1013 et
849 982 987 1014 canent
1018 990 1186 1027 aequore
1217 978 1317 1015 laeto

346 1036 544 1085 Stipatura
575 1035 722 1074 domos,
754 1035 875 1073 durus
908 1048 997 1073 cum
1030 1037 1128 1074 falce
1161 1037 1320 1074 colonus

283 1103 320 1129 40
347 1095 525 1144 Coeperit
557 1095 595 1132 in
627 1094 828 1143 gravidam
860 1107 1027 1133 messem
1061 1096 1302 1145 destringere
1333 1096 1470 1134 dentes

346 1154 486 1192 Nudus
517 1159 555 1192 et
586 1166 609 1192 a
641 1154 758 1192 nimio
790 1155 917 1192 factus
949 1155 1024 1192 iam
1057 1155 1212 1193 decolor
1242 1161 1357 1193 astro.

345 1213 421 1251 Hic
453 1213 576 1251 viciae
607 1218 746 1251 tenues
778 1214 894 1259 fetus,
927 1214 990 1251 hic
1022 1226 1183 1263 surgere
1214 1214 1310 1263 pisa,

345 1272 420 1310 Hic
452 1273 588 1310 florere
620 1273 737 1313 fabas,
769 1273 930 1322 antiqua
959 1273 1128 1322 piamina
1160 1279 1326 1322 patrum,

345 1332 421 1369 Hic
452 1344 589 1369 causas
620 1331 763 1381 placidi
796 1344 999 1369 numerosa
1031 1344 1223 1382 papavera
1255 1333 1391 1371 somni.

281 1398 319 1424 45
346 1391 420 1428 Hic
451 1391 543 1429 dare
574 1391 776 1428 materiam
808 1391 961 1440 mappis
993 1403 1092 1429 nova
1123 1392 1202 1428 lina
1233 1391 1392 1437 videbis,

345 1450 418 1487 Hic
450 1450 618 1499 grandes
651 1449 818 1487 calamos
851 1450 971 1488 laetae
1004 1451 1196 1500 spectabis
1227 1462 1382 1488 avenae.

345 1508 445 1556 Quid
476 1509 547 1547 tibi
579 1521 680 1546 nunc
712 1521 829 1546 versu
862 1509 980 1548 silvas
1012 1516 1051 1548 et
1083 1522 1226 1560 pascua
1258 1509 1412 1547 dicam?

346 1567 446 1615 Quid
479 1568 527 1606 de
558 1568 725 1606 diversis
757 1569 957 1606 venientes
988 1570 1164 1618 partibus
1194 1581 1330 1606 amnes

345 1627 633 1677 Miscentesque
666 1639 757 1665 suas
789 1628 918 1665 tacitis
949 1629 1217 1678 complexibus
1248 1628 1396 1665 undas?

281 1694 320 1720 50
347 1686 429 1734 Qua
461 1687 587 1735 surgit
619 1686 748 1736 pinnis
779 1699 850 1724 arx
881 1687 957 1725 alta
990 1693 1028 1725 et
1061 1700 1171 1725 versa
1204 1687 1275 1724 sub
1307 1693 1482 1724 austrum

344 1746 504 1783 Exserit
534 1746 573 1783 in
606 1746 729 1784 nubes
760 1747 937 1784 frontem.
970 1759 1039 1796 per
1070 1747 1186 1784 florea
1218 1758 1306 1783 rura

346 1804 476 1854 Serpit
506 1809 544 1843 et
574 1810 749 1843 assuetas
782 1806 967 1855 nymphis
999 1806 1112 1844 Plesa
1143 1805 1305 1855 porrigit
1336 1817 1464 1843 urnas.

344 1863 458 1901 Nunc
490 1864 557 1901 ubi
587 1864 636 1901 ad
667 1864 850 1913 Hesperii
882 1877 944 1903 me
976 1871 1084 1903 verto
1115 1865 1262 1902 lumina
1293 1864 1396 1906 30113,

344 1923 451 1961 Inter
481 1923 699 1971 gramineas
730 1924 877 1961 lucenti
909 1924 1063 1973 gurgite
1095 1924 1199 1973 ripas

281 1990 319 2015 55
345 1982 437 2019 Pica
470 1982 558 2020 salit
590 1983 843 2032 sequiturque
876 1995 977 2021 suas,
1010 1995 1107 2033 quas
1138 1983 1306 2028 devehit,
1339 1982 1463 2020 undas

287 2048 376 2082 [Ara]
406 2041 617 2091 Raucaque
649 2053 719 2090 per
743 2042 886 2080 vitreas
917 2046 1075 2080 exercet
1106 2054 1304 2079 murmura
1336 2041 1530 2090 lymphas.

345 2099 428 2138 Nec
458 2100 594 2150 procul
624 2101 714 2138 hinc
746 2101 843 2150 ipsis
875 2106 1000 2139 terrae
1031 2101 1142 2150 Lupa
1173 2101 1277 2138 dicta
1308 2101 1465 2142 00101113,

344 2159 470 2208 Large
501 2159 726 2208 perspicuas
756 2160 971 2198 adfundere
1002 2160 1202 2197 moenibus
1233 2160 1339 2197 urbis

346 2217 478 2255 Certat
510 2230 642 2267 aquas
677 2223 875 2268 certatque
908 2231 998 2257 suas
1029 2219 1121 2256 111110
1152 2219 1294 2258 Parda:
1328 2223 1526 2268 parentem

282 2285 320 2311 60
345 2276 514 2315 Naiades
546 2277 728 2327 adlapsae
760 2279 913 2327 patulos
945 2279 1176 2316 comitantur
1206 2278 1244 2314 in
1275 2289 1388 2326 agros
