1640 2650
179 195 234 231 42
594 208 779 242 EOBANVS,
811 209 1046 236 NORJBERGA.

274 325 427 362 Polluat
459 329 498 363 et
530 330 665 374 regnet
696 330 819 364 totum
852 327 954 365 intra
985 329 1137 366 moenia
1169 329 1285 366 virus.

274 384 378 433 Ergo
410 389 521 422 extra
553 397 669 434 aegra
700 386 829 423 ferunt
860 387 966 424 letali
998 399 1157 437 corpora
1190 389 1321 426 morbo

195 452 248 477 995
275 443 351 481 Seu
383 443 532 481 ruitura
564 445 650 482 neci
682 456 750 482 seu
782 446 1022 484 restituenda
1054 447 1170 485 saluti

273 502 323 540 Et
354 515 468 540 curas
499 503 696 543 adhibent,
729 504 822 541 dum
856 517 946 554 spes
979 518 1097 555 super
1128 507 1208 544 ulla
1239 508 1424 545 trahatur.

273 562 480 600 Praeterea
512 575 609 612 quos
641 567 863 612 mentagrae
897 565 1089 614 serpentis
1120 566 1290 604 adurens

274 621 455 670 Corrupit
488 622 647 660 scabies.
680 622 747 659 illo
780 631 965 661 curantur
995 628 1034 661 et
1065 625 1131 662 illo

274 681 480 730 Accipiunt
512 681 691 719 alimenta
725 682 819 721 loco,
853 683 946 720 dum
978 695 1139 733 corpora
1170 685 1327 722 morbus

180 748 247 773 mm)
274 747 371 782 [fiiijb]
405 740 569 778 Deserat
600 746 638 778 et
670 742 855 779 membris
887 742 1050 780 decedat
1082 743 1223 781 noxius
1254 744 1403 782 humor.

272 799 290 836 Ι
322 812 435 836 nunc.
469 812 556 837 esse
589 812 687 849 nega
718 813 831 838 verae
863 801 1018 850 pietatis
1050 807 1234 844 amantes,

273 858 379 905 Quos
411 864 490 896 tam
523 864 625 896 certa
658 860 817 897 trahunt
848 860 995 898 alienae
1028 866 1113 899 vota
1147 862 1295 901 salutis,

272 918 302 955 Ι,
336 919 470 955 confer
501 931 768 969 quoscumque
801 925 910 969 potes
944 932 1014 969 per
1046 921 1262 959 Christidos
1293 922 1422 959 orbem

272 977 500 1015 Subiectum
533 990 651 1026 regno
684 979 785 1016 fidei,
822 979 976 1028 quando
1007 980 1081 1018 ista
1113 993 1185 1030 per
1216 993 1350 1018 omnes

178 1045 246 1069 nvo-3
271 1036 371 1074 Nota
406 1037 538 1086 plagas
569 1038 665 1075 alios
698 1038 837 1075 durant
870 1040 1116 1076 memoranda
1148 1041 1219 1077 sub
1251 1042 1392 1077 annos!

332 1190 564 1238 Quattuor
595 1192 893 1241 leprosorum
926 1193 1232 1231 xenodochea
1269 1198 1403 1232 extra

770 1252 941 1289 urbem.

271 1333 369 1371 Sunt
401 1334 517 1371 etiam
550 1346 618 1371 sua
649 1334 814 1384 leprosis
846 1335 1015 1383 regionis
1047 1336 1094 1373 ad
1128 1348 1214 1373 oras

271 1391 461 1439 Quattuor
491 1399 581 1431 ante
613 1394 748 1431 urbem
782 1400 931 1443 partem
966 1395 1037 1432 sub
1070 1395 1279 1444 quamlibet
1313 1407 1430 1432 unum

271 1451 448 1500 Hospitia
480 1452 680 1490 aedificata
713 1453 817 1499 foris⁷
850 1466 927 1503 qua
959 1458 1078 1491 strata
1109 1454 1258 1491 viarum

270 1510 430 1548 Publica
463 1511 627 1549 diversis
658 1512 806 1550 ducunt
837 1513 1061 1561 regionibus
1092 1514 1240 1555 urbem,

176 1578 245 1603 1010
271 1569 499 1619 Sumptibus
531 1572 659 1608 omnia
692 1572 886 1609 munificis
918 1572 1049 1610 dotata
1080 1584 1153 1610 nec
1185 1573 1288 1610 ullae

269 1629 344 1666 Vel
376 1629 556 1668 decorata
588 1630 716 1668 minus
748 1631 809 1669 vel
842 1631 995 1680 egentia
1028 1636 1137 1681 parte
1170 1631 1313 1669 relicta.

271 1687 433 1737 Singula
464 1689 611 1738 templa
642 1690 784 1728 adsunt
816 1691 895 1728 illis
927 1703 1092 1741 quoque,
1126 1691 1283 1728 cuilibet
1314 1692 1452 1729 horum

269 1748 434 1785 Adsidet
466 1752 504 1786 et
537 1749 656 1786 studii
688 1754 727 1787 et
759 1762 909 1787 morum
942 1750 1087 1788 ratione
1120 1750 1303 1799 probatus

269 1806 474 1844 Sacrarum
506 1808 698 1857 interpres
731 1821 862 1846 rerum
895 1809 1078 1858 verbique
1109 1809 1297 1847 minister.

174 1874 243 1899 1015
268 1865 407 1916 Vsque
437 1866 533 1904 adeo
564 1867 699 1905 nullus
732 1880 966 1917 quamquam
999 1869 1060 1906 vel
1093 1867 1242 1906 inutilis
1274 1869 1366 1906 ordo

267 1924 511 1974 Neglegitur‚
544 1926 635 1975 quia
667 1927 893 1976 corporibus
925 1927 1199 1977 quodcumque
1231 1928 1374 1965 mederi

267 1985 396 2033 Atque
427 1985 566 2022 animis
597 1985 720 2034 possit
750 1986 860 2035 larga
890 1986 1033 2035 pietate
1065 1987 1296 2031 ministrent,

268 2042 342 2090 Qui
374 2043 651 2092 Pegnesiacam
684 2045 852 2094 populus
885 2057 994 2083 sacer
1024 2045 1155 2083 incolit
1187 2046 1331 2083 urbem.

268 2196 509 2247 Templum
542 2198 640 2236 divi
659 2198 804 2245 Petri,
838 2199 959 2248 quod
980 2198 1285 2237 Sebaldinum
1306 2204 1484 2237 vocant.

173 2287 244 2326 [gia]
273 2280 360 2318 Non
386 2281 489 2331 quod
515 2282 659 2331 templa
682 2281 762 2319 Deo
787 2282 974 2331 placeant,
1007 2294 1105 2331 quae
1131 2293 1321 2319 marmore
1340 2286 1379 2319 et
1397 2294 1484 2320 aere

174 2347 242 2373 1020
267 2339 470 2377 Humanae
500 2341 627 2378 fecere
659 2352 807 2387 manus,
839 2341 906 2390 qui
937 2341 1052 2379 corda
1083 2341 1235 2390 piorum
