1640 2650
1397 220 1418 257 7

200 352 296 390 alios
327 351 498 390 eruditos
517 351 622 388 viros
641 350 932 388 lucubrationes
955 362 1046 387 suas
1067 350 1176 387 nobis
1196 349 1421 397 inscribere,

201 411 364 460 gloriam
384 415 555 449 vestram
576 410 694 447 variis
725 409 987 447 monumentis
1018 409 1225 446 inlustrare
1257 409 1422 456 xideam,

199 482 279 518 me,
321 470 388 520 qui
429 474 585 508 sextum
625 469 702 507 iam
739 481 883 506 annum
922 468 962 505 in
994 469 1089 505 urbe
1121 472 1249 506 vestra
1290 472 1421 506 vestro

200 529 317 567 etiam
350 533 510 578 sumptu
541 541 587 566 ac
619 528 813 577 stipendio
840 528 979 575 vivam,
1014 527 1109 564 nihil
1140 527 1269 565 adhuc
1300 527 1422 564 nomi-

158 597 175 622 5
195 595 288 631 [ajijb]
308 588 429 626 natim
443 588 552 626 vobis
572 587 828 637 inscripsisse.
870 586 1113 636 Quamquam
1131 582 1134 640 J
1155 586 1258 624 enim
1278 587 1423 624 multos

200 648 276 685 1100
316 647 577 697 quinquennio
618 647 738 684 libros
776 646 990 693 emiserim,
1033 646 1100 695 qui
1131 646 1234 695 apud
1267 652 1422 684 exteras

201 718 356 756 quoque
394 710 531 756 gentes
564 706 596 744 si
628 718 703 743 non
736 718 876 754 magno
913 705 1043 755 aliquo
1082 710 1187 743 certe
1225 705 1266 742 in
1296 705 1422 754 pretio

200 766 400 813 habentur,
431 769 561 804 tamen
593 765 789 815 suppudet
819 777 882 802 me
914 764 1011 802 nihil
1043 768 1198 802 exstare
1221 764 1422 811 hactenus,

204 825 308 875 quod
339 825 526 875 peculiari
557 825 685 874 aliquo
718 824 843 862 officio
876 836 938 861 me
958 824 1067 861 vobis
1099 823 1309 861 obnoxium
1337 835 1424 861 esse

145 892 179 919 10
203 884 352 922 doceat.
412 884 470 922 Eo
501 884 622 933 igitur
653 883 813 921 consilio
846 883 1021 921 libellum
1053 883 1157 920 1111110
1190 882 1347 932 scripsi,
1379 886 1424 920 ut

203 947 260 990 et,
303 943 407 993 quod
444 943 531 993 ipsa
561 955 624 981 res
655 947 754 989 erat,
796 943 844 980 de
878 943 972 980 urbe
1004 942 1266 992 pulcherrima
1297 942 1424 991 deque

201 1014 266 1041 me
296 1002 382 1052 ipso
415 1003 590 1052 meisque
623 1002 762 1040 studiis
800 1001 946 1051 optime
978 1001 1115 1039 merita
1146 1013 1222 1039 non
1253 1006 1422 1039 tacerem

202 1066 242 1100 01
272 1061 381 1099 vobis
412 1061 530 1099 animi
561 1061 639 1099 mei
658 1061 935 1110 gratitudinem
954 1073 999 1098 ac
1019 1060 1328 1098 benevolentiam
1350 1061 1424 1097 hoc

201 1133 278 1158 non
308 1120 529 1168 injucunde,
563 1125 605 1158 ut
630 1121 774 1170 opinor,
803 1124 1032 1168 argumento
1052 1120 1300 1157 declararem.
1342 1119 1424 1157 Vos

144 1188 177 1214 15
205 1179 239 1218 si
270 1179 441 1218 vicissim
474 1180 573 1217 hanc
605 1192 731 1217 meam
764 1179 1002 1217 voluntatem
1035 1179 1256 1228 probabitis,
1298 1183 1422 1216 totum

201 1239 284 1286 hoc,
317 1239 507 1289 quidquid
533 1243 593 1277 est
621 1238 762 1276 laboris
788 1243 904 1288 atque
924 1250 1063 1287 operae
1084 1238 1146 1276 1110
1166 1238 1423 1287 insumptum,

202 1310 396 1348 nusquam
448 1298 523 1336 alio
573 1298 814 1335 conlocatum
868 1297 1007 1346 velim3
1058 1298 1286 1346 probaturos
1330 1309 1423 1334 vero

201 1369 291 1395 011111
322 1361 454 1395 vestra
485 1357 629 1395 eximia
660 1357 785 1395 virtus
818 1361 857 1394 et
890 1357 1076 1406 sapientia
1108 1362 1191 1394 tum
1222 1357 1262 1394 in
1296 1356 1424 1394 studia

201 1416 418 1454 litterarum
448 1421 564 1466 atque
596 1428 728 1454 earum
756 1416 949 1454 studiosos
977 1416 1185 1465 singularis
1205 1415 1424 1465 benignitas

141 1483 177 1510 20
201 1487 247 1513 ac
278 1475 544 1514 munificentia
575 1475 652 1512 iam
684 1475 832 1512 dudum
866 1475 961 1512 mihi
993 1480 1177 1524 tanquam
1206 1475 1424 1513 certissima

202 1538 432 1583 argumenta
474 1539 764 1584 persuaserunt.
813 1534 962 1572 Valete.
1016 1534 1253 1583 Noribergae
1288 1545 1424 1572 mense

202 1592 341 1631 Martio
371 1606 471 1632 anno
504 1594 649 1632 Christi
681 1594 927 1631 MDXXXH.
