1640 2650
285 225 458 264 XXXIV
798 239 1047 266 ammarum.

284 354 359 386 tum
385 363 467 386 vero
499 353 667 397 maxime,
703 354 794 397 quod
827 353 916 388 ultro
949 354 1099 388 oblatum
1132 355 1378 389 munusculum
1411 358 1562 391 vestram

284 399 439 434 omnium
454 399 591 434 laudem
607 381 840 445 complectens
853 401 952 445 genio
967 402 1114 445 quodam
1129 402 1320 446 benigniori
1340 406 1563 456 suscepturos

285 457 344 481 vos
371 448 594 491 speraverim.
640 448 826 483 Enimvero
846 460 925 482 cum
946 448 998 482 his
1019 449 1151 488 diebus
1178 450 1303 493 quibus
1329 450 1385 484 alii
1407 451 1562 495 personis

283 494 523 528 delitescentes
543 495 624 529 hinc
643 495 722 529 inde
741 496 940 529 discurrunt
960 495 1155 540 lupercalia,
1183 499 1221 530 ut
1240 496 1396 541 arbitror
1420 498 1563 541 perinde

284 541 516 582 celebrantes
551 543 594 576 ad
618 542 738 576 Musas
770 543 987 577 iucundiores
1020 554 1075 577 me
1106 543 1346 585 contulissem
1380 545 1562 589 epistulam

283 591 470 623 contexere
496 589 591 634 coepi
617 590 659 624 ad
680 590 934 633 Hieronymum
961 601 1077 624 meum
1098 591 1290 625 arctissima
1310 592 1563 626 necessitudine

283 636 317 669 in
342 636 508 671 litterario
533 637 645 671 studio
672 637 740 670 iam
766 637 899 681 pridem
931 637 1014 671 mihi
1045 639 1277 672 coniunctum.
1323 639 1390 673 Vbi
1416 650 1494 673 cum
1521 641 1562 674 ad

284 683 319 717 id
350 683 413 717 loci
445 686 653 728 perventum
685 689 794 728 esset7
831 695 898 729 quo
930 685 1138 729 Friburgum
1174 689 1290 720 nostro
1321 686 1466 720 carmini
1492 689 1565 721 erat

284 730 524 775 inserendum7
557 732 590 764 in
623 731 741 775 paucis
773 731 878 776 elegis
909 732 1015 766 totius
1046 733 1142 766 urbis
1174 733 1439 777 descriptionem
1466 734 1563 778 quasi

284 778 318 811 in
356 778 505 812 arctiora
543 783 662 822 saepta
705 779 865 813 claudere
908 780 1140 814 decreveram.
1203 780 1277 814 Nec
1315 783 1353 814 ut
1393 780 1563 815 calculum

284 826 486 860 reducerem
524 837 648 870 operae
684 827 833 869 pretium
870 826 1061 870 videbatur,
1100 838 1310 871 quamquam
1349 828 1383 860 in
1416 828 1564 862 Heroico

283 873 436 907 carmine
462 873 571 907 multo
597 873 696 917 plura
715 873 902 917 benissent,
929 875 1019 917 quod
1038 885 1077 908 eo
1095 885 1220 918 genere
1240 874 1367 919 legenti
1387 886 1443 909 me
1463 876 1563 909 satis-

284 921 460 954 facturum
492 921 672 964 sperabam
686 922 705 954 ¹.
757 921 890 963 Ouibus
922 924 1039 955 autem
1071 922 1233 965 auspiciis
1263 933 1375 966 quove
1401 933 1563 956 successu

284 967 316 1001 id
341 978 361 1001 a
386 978 442 1001 me
468 969 634 1002 effectum
662 968 722 1011 sit
749 968 846 1002 vobis
878 969 913 1001 111
945 969 1037 1002 0111111
1068 969 1302 1003 doctrinarum
1321 980 1456 1022 genere
1482 981 1563 1004 con-

283 1015 563 1049 summatissimis
595 1015 849 1049 diiudicandum
878 1015 1051 1059 relinquo
1086 1027 1128 1049 ne
1154 1017 1244 1050 forte
1270 1017 1440 1069 quispiam
1468 1020 1564 1061 putet

284 1073 340 1095 me
366 1062 440 1095 sine
466 1062 573 1096 rixale
600 1074 720 1107 poema
747 1074 864 1096 meum
889 1063 1041 1107 diligere.
1087 1064 1230 1098 Praeter
1256 1064 1349 1097 enim
1369 1064 1562 1108 opinionem

283 1109 411 1142 diutius
447 1111 480 1142 in
514 1110 576 1143 hac
608 1110 836 1154 descriptione
863 1113 1021 1144 versatus
1053 1122 1093 1144 ea
1123 1111 1315 1154 generatim
1342 1111 1451 1155 plenis
1477 1111 1563 1145 velis

284 1167 361 1189 sum
388 1156 607 1201 complexus,
643 1168 731 1201 quae
763 1158 825 1192 toti
857 1157 985 1191 civitati
1018 1159 1145 1191 nedum
1173 1159 1269 1192 vobis
1300 1159 1391 1202 apud
1424 1161 1564 1193 exteros

285 1214 351 1237 non
379 1204 573 1248 minimam,
609 1207 647 1238 ut
673 1216 788 1249 spero,
821 1204 964 1249 gloriam
990 1207 1072 1238 sunt
1097 1206 1261 1249 paritura.
1312 1206 1433 1249 Delegi
1459 1206 1564 1250 igitur

285 1261 344 1284 vos
376 1253 542 1295 tanquam
577 1252 722 1286 huiusce
753 1252 999 1286 lucubrationis
1032 1255 1193 1296 patronos
1233 1263 1302 1286 non
1340 1253 1563 1297 paenitendos

283 1298 376 1331 haud
402 1298 542 1342 ignarus
569 1300 734 1343 quosdam
761 1301 846 1341 fore,
875 1299 932 1343 qui
952 1299 1093 1333 Lamiae
1120 1300 1229 1334 instar
1254 1300 1289 1333 in
1315 1300 1419 1334 rebus
1444 1299 1562 1334 alienis

284 1348 366 1378 sunt
383 1345 617 1389 oculatissimi⁷
645 1346 678 1379 111
699 1347 771 1380 suis
791 1347 950 1380 Liberide
969 1347 1150 1381 caeciores.
1196 1347 1328 1381 Verum
1349 1347 1427 1381 boni
1448 1347 1563 1381 cuius-

284 1403 387 1436 quam
415 1395 448 1427 et
473 1393 598 1426 eruditi
624 1404 825 1433 censuram,
860 1394 1063 1437 praesertim
1096 1405 1175 1428 cum
1202 1394 1282 1428 mali
1308 1394 1484 1439 quippiam
1511 1395 1563 1427 in-

285 1440 441 1484 repserit,
469 1451 536 1474 non
563 1444 633 1474 tam
660 1441 816 1474 desidero
842 1452 945 1484 quam
971 1441 1094 1485 cupide
1121 1445 1293 1485 exspecto.
1334 1442 1404 1476 Vos
1431 1442 1459 1475 si
1483 1442 1563 1475 huic

284 1487 331 1520 rei
358 1487 475 1521 album
501 1488 691 1521 adieceritis
717 1487 900 1531 calculum,
927 1488 1012 1522 nihil
1032 1491 1094 1532 est,
1122 1500 1184 1522 cur
1203 1489 1309 1523 Momi
1329 1489 1563 1523 curiositatem

285 1545 526 1578 expavescam.
578 1535 711 1570 Valete.
768 1535 925 1579 Friburgi
963 1535 1073 1569 Nonis
1110 1536 1244 1570 Martiis
1281 1547 1372 1570 anno
1407 1547 1427 1570 a
1462 1539 1564 1580 partu

285 1582 440 1625 virgineo
466 1582 628 1616 ΜΒΧῩ.Υ

379 1630 423 1663 35
450 1629 573 1673 doctis]
608 1632 637 1663 A
664 1630 765 1663 sacris
821 1631 865 1663 4')
898 1630 1069 1674 addictus]
1103 1631 1133 1664 A
1160 1630 1294 1664 dicatus
1344 1632 1387 1664 57
1410 1630 1439 1664 B
1471 1630 1563 1664 auidi

285 1676 331 1711 ΤΟ
356 1677 385 1710 A
412 1687 508 1710 cerre
560 1678 603 1710 73
630 1678 868 1721 immolanda]
897 1679 926 1711 A
958 1678 1133 1711 hmrenda
1181 1678 1226 1712 83
1253 1679 1373 1722 novos]
1401 1680 1432 1712 A
1458 1678 1563 1712 bonos

286 1724 352 1757 193
380 1724 410 1757 A
442 1723 590 1758 Scrlicet
649 1725 715 1758 194
739 1726 769 1758 A
797 1724 903 1758 Decia
961 1725 1029 1758 233
1055 1725 1084 1758 B
1124 1725 1218 1758 enim
1275 1726 1343 1759 253
1371 1727 1400 1759 A
1432 1725 1563 1769 sophias

284 1771 353 1805 ⁴263
379 1772 411 1804 A
442 1771 619 1805 acadamia
669 1772 737 1806 318
769 1772 798 1805 Β
833 1772 925 1805 satus
981 1773 1049 1806 333
1070 1772 1098 1805 Β
1125 1772 1255 1806 Vranie
1312 1773 1382 1807 340
1408 1772 1438 1806 Β
1470 1772 1563 1805 enim

285 1818 352 1851 383
369 1819 399 1851 A
413 1817 484 1852 ablt
523 1819 592 1853 384
606 1820 635 1852 A
651 1820 773 1862 pectus
812 1819 881 1853 39⁴2
896 1821 925 1853 A
939 1819 1108 1853 victorem
1145 1820 1211 1853 421
1228 1819 1257 1853 Β
1271 1819 1560 1853 Maxaenulianus.

380 1865 589 1899 Randnoten
605 1865 639 1898 111
652 1866 698 1899 Β;
715 1867 757 1899 ’51
772 1866 864 1900 Urbs
876 1866 1085 1909 Friburgum
1100 1866 1190 1900 citra
1204 1866 1327 1900 silvam
1336 1866 1560 1909 Hercyniam.

285 1913 329 1946 53
355 1913 447 1946 Laus
479 1912 637 1946 eiusdem
669 1913 711 1947 ab
737 1913 952 1947 amoenitate
985 1913 1152 1947 silvarum
1179 1916 1215 1947 et
1240 1914 1413 1947 montium
1438 1923 1562 1946 versus

284 1960 469 1993 orientem.
520 1961 563 1993 57
591 1962 622 1993 A
641 1959 866 1994 multitudine
891 1961 1058 1994 terarum.
1117 1962 1160 1995 65
1188 1962 1219 1995 A
1244 1960 1409 1994 fontibus.
1462 1961 1504 1994 67
1532 1962 1563 1993 A

285 2006 472 2041 fertilitate
492 2006 601 2040 totius
622 2010 738 2041 terrae
756 2019 880 2041 versus
906 2007 989 2042 alias
1016 2007 1137 2041 numdi
1157 2007 1283 2051 plagas.
1330 2008 1373 2041 73
1399 2007 1562 2050 Hymnus

284 2054 423 2088 Baccho
447 2054 666 2096 decantatus,
693 2060 733 2088 ut
753 2057 894 2088 veteres
914 2054 1082 2089 solebant.
1122 2055 1166 2089 83
1187 2057 1218 2088 A
1238 2054 1406 2098 frugibus.
1443 2054 1488 2088 89
1511 2054 1562 2088 Ab

285 2100 498 2135 amoenitate
535 2101 729 2135 hortorum.
793 2102 834 2135 91
873 2102 966 2136 Urbs
1004 2102 1106 2135 fossis
1143 2104 1179 2135 et>
1214 2102 1323 2135 muris
1361 2101 1562 2135 fortissimis

285 2147 448 2191 cingitur.
525 2149 570 2183 95
620 2151 651 2182 A
695 2148 959 2192 magnificentia
1013 2150 1196 2183 domorum
1252 2155 1288 2182 et
1338 2147 1559 2192 templorum.

287 2195 351 2229 101
385 2194 497 2229 Multa
527 2195 711 2239 utriusque
739 2206 845 2229 sexus
879 2196 1101 2230 monasteria.
1154 2197 1219 2231 107
1253 2195 1437 2239 Templum
1461 2195 1561 2229 divae

284 2242 440 2285 Virginis
477 2253 558 2276 clun
592 2244 690 2276 turre
729 2242 907 2277 altissima.
974 2244 1040 2278 1⁴20
1077 2244 1168 2278 Laus
1207 2243 1353 2277 rectoris
1393 2241 1561 2276 ecclesiae

285 2289 328 2323 H.
350 2289 501 2332 Colheri⁷
526 2289 592 2323 viri
619 2289 847 2333 integerrimi.
901 2291 967 2325 138
992 2291 1165 2325 Tresenus
1190 2290 1321 2324 fluvius
1347 2300 1410 2333 per
1438 2289 1562 2323 urbem

374 2395 397 2429 ¹)
414 2396 441 2422 A
451 2403 457 2421 τ
478 2395 637 2430 sperpbam.
