1640 2650
194 186 245 223 11)
606 197 791 232 EOBANVS,
822 197 1056 224 NORIBERGA.

260 315 437 365 Denique
470 315 501 352 si
534 315 725 365 quaedam
758 316 983 364 vulgaribus
1015 316 1117 353 edita
1148 316 1290 354 chartis

262 374 425 412 Sordida
458 379 497 412 et
528 375 567 411 in
599 375 724 412 triviis
755 375 959 424 praeconia
991 380 1079 412 nata
1110 376 1287 413 feruntur

261 435 295 470 A
328 434 551 483 populoque
583 433 658 483 legi
691 434 845 471 laudato
877 434 993 482 digna
1024 434 1215 481 videntur,

263 493 342 530 Cur
374 505 458 530 mea
490 505 692 530 mansuras
724 493 977 530 memorantia
1008 493 1177 531 earmina
1208 493 1344 531 laudes

201 561 235 587 55
262 551 430 589 Credere
462 552 628 589 laudatis
660 554 854 590 metuam?
887 552 966 590 Cur
997 553 1028 589 si
1062 565 1137 601 qua
1168 552 1320 602 placere

262 611 452 660 Tempore
485 611 628 660 scripta
660 615 806 660 queant
836 611 910 648 isto
943 611 1156 649 redolentia
1188 612 1332 659 Musas,

260 669 319 707 Ne
353 682 437 707 mea
469 682 545 707 non
577 670 764 719 placeant,
797 672 953 708 verear?
986 670 1082 717 Quis
1114 671 1278 720 denique
1310 673 1445 708 tantus

262 729 320 767 Sit
350 729 477 778 pudor
507 730 651 778 ingenii
685 729 756 767 sibi
789 730 1029 777 confidentis,
1063 733 1105 767 ut
1136 730 1255 767 istum

261 788 429 826 Credere
461 788 698 826 laudandum
731 801 806 825 non
838 789 978 826 audeat
1010 801 1097 826 esse
1128 789 1299 826 laborem

201 856 235 882 60
259 847 453 884 Eximiam
485 848 633 885 meritis
665 847 849 885 celebrari
880 848 1059 885 laudibus
1091 849 1236 894 urbem⁷

259 907 472 955 Praecipue
504 919 593 944 611111
627 906 715 953 sint,
749 907 815 956 11111
847 907 954 944 1111113
986 907 1098 945 1311(16
1129 907 1308 944 ferendas

259 966 336 1003 Res
368 966 565 1003 celebrent
596 969 635 1003 et
668 979 808 1014 magna
839 966 946 1015 gravi
979 966 1184 1015 praeconia
1215 978 1333 1003 versu

261 1025 416 1062 Vilibus
448 1025 617 1062 adiciant
648 1025 755 1062 nullo
788 1025 1020 1073 disci-inune,
1053 1025 1146 1062 dum
1179 1037 1220 1062 se

261 1084 446 1121 Venditat
477 1084 660 1133 ignavum
693 1096 818 1133 genus
851 1085 922 1122 hoc
953 1089 992 1122 et
1023 1084 1177 1122 nomina
1210 1084 1363 1133 spiians

202 1151 235 1177 05
261 1143 403 1192 Magna
436 1143 706 1191 5111111111111115
738 1144 873 1181 alienis
905 1148 1035 1193 captat
1066 1144 1259 1181 honorem.

261 1202 352 1251 lpse
383 1202 480 1239 nihil
512 1203 636 1240 famae
668 1203 833 1240 ludibria
864 1215 963 1240 vana
994 1207 1166 1240 moratus

262 1261 472 1299 Commoda
505 1274 593 1299 vera
627 1274 777 1311 sequar,
810 1274 909 1311 111136
941 1274 1033 1299 vera
1064 1262 1178 1299 laude
1210 1265 1394 1298 6311611165

260 1320 388 1369 Digna
420 1321 530 1370 5611111
563 1321 661 1358 solet
691 1325 730 1358 et
761 1333 958 1370 nunquam
999 1332 1088 1370 spes
1120 1320 1253 1358 fallere
1285 1321 1482 1357 honestas.

320 1380 434 1417 Nune
465 1380 561 1416 mihi
593 1380 733 1417 dexter
763 1380 867 1427 ades,
901 1380 1023 1417 sancti
1056 1391 1165 1417 sacer
1197 1379 1288 1417 ordo
1309 1382 1483 1426 senatus,

202 1447 236 1473 το
262 1438 335 1485 Qui
370 1438 474 1487 regis
506 1439 679 1488 aequatis
712 1439 941 1488 populosam
972 1439 1123 1487 legibus
1155 1439 1291 1475 urbem

261 1497 426 1550 Noridos
459 1498 688 1546 Hercyniae,
722 1498 843 1535 multa
875 1510 991 1547 quam
1023 1498 1147 1535 flavus
1179 1498 1322 1534 harena

261 1556 311 1595 Et
343 1557 496 1606 placido
529 1557 698 1594 mediam
729 1557 933 1606 Peguesus
964 1557 1124 1594 flumine
1157 1556 1308 1596 scindit.

207 1623 278 1658 lbjb]
310 1616 399 1654 Hue
430 1616 523 1654 ades
555 1620 593 1653 et
624 1616 797 1665 placidas
835 1628 947 1653 aures
986 1620 1236 1665 mentemque
1274 1615 1483 1664 benignam

262 1675 451 1713 Versibus
483 1675 544 1712 his
575 1675 726 1722 adhibe,
757 1688 807 1713 116
839 1675 960 1713 nostri
993 1687 1143 1712 summa
1174 1675 1317 1712 laboris

202 1742 235 1769 75
262 1734 372 1772 Vana
405 1735 454 1772 sit
486 1739 525 1772 et
556 1734 705 1771 nullum
739 1734 821 1771 siue
853 1739 892 1772 te
924 1738 1117 1772 mereatur
1148 1734 1343 1771 honorem.

518 1840 660 1878 Vrbis
690 1840 986 1889 Noribergae
1019 1841 1153 1878 situs.

320 1911 391 1948 Est
422 1911 542 1957 locus,
574 1911 772 1960 Hercynio
804 1924 880 1961 qua
912 1924 954 1949 se
987 1911 1192 1949 Germania
1223 1910 1324 1948 saltu

263 1970 463 2008 Contrahit
499 1974 538 2007 et
568 1971 676 2008 velut,
712 1971 750 2008 in
784 1974 961 2008 centrum
993 1971 1085 2017 6611,
1118 1969 1290 2018 undique
1322 1969 1482 2007 clausus

261 2029 467 2078 Perpetuis
500 2041 702 2067 nemorum
735 2030 855 2067 densa
886 2029 1113 2078 compagine
1146 2029 1253 2066 silvis

263 2088 308 2125 Iu
342 2100 429 2126 sese
460 2093 539 2126 toto
571 2092 697 2126 tractu
730 2088 981 2126 redeuntibus
1011 2088 1117 2137 ipsas

203 2155 237 2181 51)
261 2147 542 2196 Inclusumque
574 2159 672 2195 vago
704 2159 820 2184 cursu
853 2147 1083 2185 facientibus
1115 2147 1244 2184 orbem

261 2205 370 2243 Milia
400 2218 523 2255 pauca
556 2206 711 2255 quidem
744 2206 891 2243 circum
923 2218 965 2243 se
997 2218 1150 2255 quaque
1182 2208 1391 2254 patentem,

264 2264 339 2303 Sed
372 2264 494 2302 sterili
526 2269 649 2302 totum
683 2265 816 2302 sabulo
848 2265 1013 2302 infelicis
1045 2265 1210 2302 harenae

265 2324 517 2373 Squalentem
549 2336 676 2373 neque
708 2324 853 2361 divitiis
885 2323 1099 2361 cerea-libus
1130 2327 1276 2372 aptum.
