1640 2650
607 192 794 226 ronanus,
826 191 1061 217 NOROEERGA.
1418 179 1440 216 ‘2
1450 180 1468 216 1

253 311 305 349 Ε1
330 310 453 348 11111110
484 311 653 348 madidis
684 310 860 347 immisso
894 310 974 347 sole
1006 309 1188 350 colorant,

253 370 387 408 Donec
417 371 458 407 111
490 375 664 419 optatum
697 375 845 407 certent
878 370 964 406 nive
995 381 1108 406 versa
1140 369 1317 406 nitorem.

314 429 413 468 Sunt
443 441 598 479 quoque
630 435 833 466 nascentes
864 428 944 466 illic
975 428 1207 465 medicantia
1240 428 1413 465 thermae

254 488 400 527 Balnea
431 489 655 538 corporibus
687 488 908 525 morborum
940 488 1027 525 tabe
1059 488 1230 535 gravatis

178 556 234 582 365
254 548 538 597 Artificumque
571 548 708 585 domus
740 547 969 584 tenuissima
1000 546 1067 584 fila
1098 547 1322 584 trahentum

255 607 553 656 Texentumque
585 619 705 644 novos
736 619 896 656 pannos,
929 606 1139 643 maioribus
1172 606 1263 643 olim

180 673 276 708 [eiijb]
306 666 511 704 1115110111111
543 678 667 715 genus
699 670 736 703 et
768 672 899 703 nostra
931 665 997 702 vix
1029 666 1124 702 urbe
1155 669 1374 714 receptum:

254 726 391 775 Nuper
422 730 461 764 et
492 725 680 774 augendis
713 725 850 774 opibus
884 724 1079 762 successio
1110 725 1212 762 facta
1243 728 1313 762 est.

254 785 351 823 Inde
381 785 421 822 in
454 797 496 822 se
526 785 683 822 rediens
715 797 837 821 unum
869 784 944 821 coit
976 783 1101 821 amnis
1132 784 1171 820 in
1202 783 1356 821 alveum

178 852 236 879 370
255 844 368 882 Vnus
401 848 439 882 et
469 844 555 893 ipse
586 844 722 884 11110115,
755 843 878 881 donec
910 843 1135 880 discrimine
1167 854 1303 880 rursus

256 903 459 941 Dissectus
491 903 638 952 duplici
668 907 817 952 partem
850 902 1085 940 circumfluit
1116 902 1222 940 urbis

255 962 450 1011 Exiguam
483 962 705 1011 clauditque
736 962 875 1008 forum,
909 974 985 1011 quo
1017 961 1207 1011 quidquid
1238 962 1285 998 ab
1317 973 1392 998 usu

255 1021 465 1071 Displicuit
495 1022 558 1059 vel
588 1021 667 1059 iam
697 1027 811 1059 vetus
843 1027 902 1058 051
935 1021 996 1058 vel
1027 1021 1165 1058 inutile
1197 1033 1342 1058 venum

257 1081 417 1118 Adsolet
448 1081 608 1130 exponi:
641 1084 728 1130 post
760 1081 832 1118 hoc
865 1080 937 1117 sibi
969 1092 1106 1117 rursus
1137 1080 1186 1117 ad
1217 1080 1340 1117 imum

180 1148 237 1174 375
255 1140 447 1177 Redditus
479 1140 656 1189 elapsum
689 1140 793 1177 subit
823 1144 933 1177 extra
965 1139 1116 1177 moenia
1147 1151 1265 1176 cursu

254 1199 443 1237 Lenifluo.
493 1199 627 1237 Multis
659 1199 817 1248 paribus
849 1199 1036 1248 piscosior
1067 1199 1203 1244 amnis,

256 1257 436 1297 Piscibus
466 1258 681 1296 innumeris
713 1258 905 1307 siquidem
936 1258 1140 1306 Pegnesus
1171 1257 1341 1295 abundat

255 1317 344 1355 Non
376 1317 555 1367 stupidis,
586 1329 662 1355 non
692 1317 883 1367 insipidis,
914 1329 991 1354 non
1022 1317 1202 1366 qualibus
1234 1317 1342 1354 aiunt

255 1376 356 1415 Esse
386 1377 495 1415 lacus
526 1376 661 1426 plenos
692 1380 807 1426 atque
838 1377 1036 1414 exundare
1067 1376 1273 1425 palustres,

181 1443 238 1470 380
257 1434 333 1483 Qui
362 1436 501 1474 limum
533 1436 737 1485 turpisque
768 1436 928 1473 trahunt
959 1436 1172 1473 sclioenosa
1202 1435 1325 1473 11111011

256 1495 415 1543 Pabula,
447 1495 516 1533 sed
546 1495 626 1532 vivi
657 1495 871 1543 gaudentes
902 1495 1075 1532 fluminis
1106 1494 1210 1532 unda

257 1554 420 1592 Fercuia
449 1554 578 1592 ieiuno
608 1555 795 1603 praebent
825 1554 996 1591 iucunda
1028 1553 1167 1603 palato.

257 1612 425 1651 Nomina
456 1613 543 1663 quis
575 1614 725 1659 referat,
759 1625 923 1662 quorum
954 1613 1018 1651 vel
1048 1613 1207 1650 barbara
1240 1612 1430 1662 quaedam

258 1672 334 1710 Vel
366 1677 458 1710 sunt
487 1676 577 1710 nota
608 1685 747 1722 parum
778 1685 849 1710 nec
878 1672 1016 1710 idonea
1048 1672 1219 1710 carmine
1250 1672 1338 1710 dici.

183 1739 240 1766 385
260 1731 385 1779 Salve,
416 1731 541 1769 amnis
572 1731 721 1769 victure
753 1731 831 1778 diu,
865 1731 897 1769 si
927 1732 1025 1769 forte
1058 1731 1247 1769 Camenas

257 1790 350 1828 Vlla
380 1794 512 1828 manet
541 1796 692 1828 nostras
724 1795 912 1828 venturae
943 1791 1065 1840 gloria
1096 1791 1238 1828 famae!

603 1897 796 1934 Pratum
830 1897 1074 1935 Allerium.

318 1968 421 2016 Ergo
453 1968 519 2006 ubi
552 1980 593 2006 se
623 1968 768 2006 fluvius
798 1968 887 2006 tulit
919 1973 1030 2006 extra
1062 1968 1222 2006 moenia.
1255 1972 1410 2017 pratum

259 2027 397 2065 Adluit
427 2032 466 2065 01
498 2027 575 2065 leni
608 2028 879 2077 complectitur
909 2028 1076 2076 agmine,
1110 2032 1298 2077 quantum

259 2086 306 2124 In
337 2087 498 2135 longum
530 2093 694 2136 possunt
726 2087 930 2136 quingenti
960 2087 1171 2124 extendere
1201 2098 1353 2136 passus.

184 2154 242 2180 390
262 2153 365 2188 [ciiija]
397 2145 585 2183 Allerium
618 2145 754 2183 dixere
786 2152 926 2195 patres,
959 2158 1029 2183 nec
1061 2146 1222 2195 prow'da
1253 2150 1378 2184 mutat

259 2204 412 2242 Nomen
443 2205 668 2254 posteritas;
700 2205 888 2242 rationem
919 2205 1085 2242 nominis
1116 2205 1233 2242 11111115

260 2263 344 2302 Νο0
374 2276 503 2301 1110101
533 2264 628 2313 ipse,
671 2264 808 2302 eadem
838 2276 910 2302 nec
942 2264 1084 2301 dicitur
1115 2276 1202 2302 esse
1234 2276 1303 2313 per
1334 2275 1478 2302 omnes.

262 2321 358 2370 Quis
391 2327 505 2373 queat
536 2323 643 2360 illius
674 2323 776 2372 prati
802 2323 998 2361 vernantis
1029 2323 1214 2360 honorem
