1640 2650
537 204 792 237 ENGENme's,
824 203 1069 228 FRIBVRGICA.
1388 188 1440 226 63

282 324 514 373 Bissenique
545 335 632 361 aras
664 322 870 360 occuluere
902 321 974 358 dei.

223 385 270 423 In
301 383 464 433 reliquis
496 395 617 420 unum
649 381 750 419 tollit
781 381 936 429 fastigia
967 379 1158 428 templum

283 442 547 493 Spectandum
579 442 619 479 in
649 440 837 490 liquidam
869 445 974 477 turre
1006 438 1172 476 subinde
1204 437 1370 487 plagam.

223 503 333 540 Haec
363 501 482 540 turris
514 505 674 550 superat
705 499 919 549 spectantis
951 498 1000 536 ad
1032 498 1161 535 omnia
1192 497 1296 534 vires

154 569 206 596 120
283 562 333 600 Et
363 560 575 599 tremulum
607 560 721 608 longe
753 558 902 596 deserit
932 558 1010 595 alta
1041 561 1168 606 caput.

225 621 307 659 Hac
338 632 477 658 manus
508 619 670 657 artificis
701 618 896 668 quondam
930 616 1155 666 spectabilis
1185 620 1268 653 arte

286 680 479 722 Cernitur,
510 679 584 716 hac
614 678 781 715 multum
814 677 971 714 saecula
1001 675 1128 712 laudis
1160 675 1314 712 habent.

225 739 457 788 Pyramides
489 737 736 775 memoranda
766 737 885 773 refert
915 735 1124 784 laudatque
1155 737 1349 772 vetustas:

286 798 381 846 Quo,
413 797 560 843 Musae,
592 801 743 834 tantum
775 796 859 833 iure
891 795 1028 832 tacetis
1060 795 1183 843 opus'?

156 865 208 892 125
229 858 407 896 Claudite
440 856 660 894 summissis
691 855 899 892 viridantia
930 854 1082 891 lusibus
1113 858 1233 891 antra.

286 917 348 955 Ne
379 916 482 954 risus
513 918 694 953 moveant
725 927 801 951 non
833 915 929 951 bene
962 918 1064 950 sarta
1095 913 1215 950 leves.

228 977 302 1014 Hic
334 976 464 1013 divam
495 975 617 1012 multo
649 986 881 1011 veneramur
911 978 997 1010 ture
1030 972 1212 1021 puellam,

289 1034 395 1082 Quae
427 1047 517 1072 cum
549 1034 598 1071 sit
629 1033 750 1081 virgo,
783 1032 938 1070 nomina
969 1031 1105 1068 matris
1137 1031 1263 1069 habet.

159 1103 238 1138 [Mb]
271 1095 366 1132 Tam
398 1105 584 1144 praesens
616 1105 762 1130 numen
795 1091 948 1129 miseris
979 1090 1208 1128 mortalibus
1240 1090 1353 1132 ultro,

159 1164 210 1189 130
289 1154 344 1191 Vt
375 1164 532 1202 pressos
564 1152 659 1189 duro
692 1151 863 1201 pondere
895 1155 1033 1199 sponte
1064 1149 1178 1187 levet.

229 1213 341 1251 Hanc
371 1212 509 1250 aedem
540 1211 686 1248 Mariae
717 1210 830 1247 iustis
863 1210 1084 1247 moderatur
1115 1208 1277 1246 habenis

288 1271 453 1321 Eloquio
485 1275 635 1318 mystes
666 1270 892 1319 iustitiaque
924 1274 1074 1318 potens.

230 1331 358 1369 Dicite
388 1331 436 1377 io,
468 1330 643 1376 iuvenes,
675 1334 714 1367 et
744 1329 780 1366 io
813 1332 977 1375 cantate,
1010 1327 1176 1376 puellae,

290 1390 418 1428 Dicite
449 1390 497 1435 io,
528 1392 685 1435 matres,
718 1388 835 1425 dicite
867 1388 992 1437 ioque,
1026 1388 1154 1424 senes!

161 1458 212 1485 135
231 1450 431 1488 Pastorem
462 1452 636 1486 vestrum
668 1448 821 1497 patulas
853 1447 989 1484 efferte
1023 1447 1092 1483 sub
1125 1457 1259 1483 auras:

290 1507 574 1546 Incustoditum
605 1519 681 1544 non
714 1507 806 1544 sinit
838 1518 924 1543 esse
957 1517 1125 1554 gregem,

232 1569 266 1605 A
298 1567 461 1604 stabulis
491 1570 598 1604 arcet
629 1566 758 1614 Stygii
789 1565 891 1602 mala
922 1569 1075 1614 spectra
1107 1564 1226 1602 leonis

293 1625 446 1676 Oraque
476 1625 693 1663 frendentis
726 1624 1022 1673 sanguinolenta
1053 1623 1147 1672 lupi.

234 1686 364 1735 thue
396 1685 464 1722 diu
495 1684 602 1722 vivat
633 1684 880 1721 volventibus
911 1683 1038 1720 omnia
1070 1683 1213 1721 Parcis.

163 1754 216 1780 140
293 1745 340 1782 In
371 1747 522 1781 vestras
553 1743 663 1781 divos
695 1743 900 1780 sollicitate
931 1754 1078 1791 preces.

235 1804 393 1842 Scilicet
423 1803 473 1840 ad
503 1802 692 1852 populum
725 1814 880 1851 semper
910 1801 1017 1839 Deus
1048 1802 1134 1851 ipse
1166 1801 1364 1851 loquentis

295 1862 371 1900 Ora
403 1862 603 1899 salutifero
635 1861 794 1898 numine
826 1864 928 1898 tacta
959 1866 1101 1907 movet,

236 1921 336 1960 Cum
367 1933 444 1958 non
474 1921 572 1958 falsa
603 1921 716 1958 docet
747 1920 925 1958 crucifixi
958 1920 1110 1957 oracula
1143 1920 1287 1957 Christi

295 1981 502 2025 Successm
534 1992 611 2030 quo
643 1979 711 2016 vix
741 1991 843 2017 unus
875 1984 914 2016 et
943 1978 1041 2016 alter
1073 1979 1156 2020 erit,

167 2049 217 2076 145
236 2040 388 2089 Dignus
419 2040 466 2077 ab
497 2039 690 2088 Hesperio
722 2038 791 2088 qui
822 2038 970 2076 semina
1002 2042 1204 2088 spargeret
1235 2038 1327 2075 orbe

296 2099 448 2137 Enthea
479 2098 675 2136 nascentis
707 2097 799 2135 solis
831 2097 1008 2147 adusque
1041 2098 1160 2135 sinus.

237 2158 398 2208 Iamque
430 2157 572 2195 iterum
605 2161 733 2194 vertar
763 2157 923 2206 paulum
955 2157 1156 2205 digressus
1188 2156 1237 2194 ad
1269 2156 1417 2202 urbem,

297 2216 429 2254 Livori
459 2216 657 2254 inveniant
689 2228 737 2253 ne
768 2228 854 2253 mea
884 2216 981 2253 forte
1011 2216 1152 2253 locum.

240 2275 374 2314 Adluit
405 2276 505 2313 hanc
535 2275 671 2313 vitreis
702 2275 897 2312 Tresenus
930 2275 1120 2324 spumifer
1152 2274 1266 2312 undis

170 2343 221 2370 150
299 2335 536 2384 Piscosoque
567 2335 687 2372 refert
717 2346 861 2384 pascua
892 2334 991 2371 laeta
1024 2334 1128 2380 sinu;
