1640 2650
155 193 209 230 60
526 206 783 241 ENGENvas,
816 207 1062 233 FRIBVRGICA.

272 323 332 360 Ne
363 327 544 361 moveant
576 324 701 361 subito
734 325 833 362 bella
864 329 1043 374 proterva
1075 326 1180 363 mihi.

215 382 338 431 Saepe
370 382 439 419 tibi
473 383 613 432 scripsi
645 384 791 433 plenas,
823 384 1074 432 Hieronyme,
1106 386 1271 431 chartas,

272 441 496 479 Frustratus
529 447 615 480 voto
649 443 805 492 saepius
836 444 922 492 ipse
953 444 1019 481 fui.

155 508 186 534 15
213 500 389 538 Forsitan
420 501 594 539 anfractu
627 503 771 539 lassata
802 506 862 540 est
893 503 1004 540 Musa
1036 503 1197 550 viarum,

270 559 331 597 Ne
362 572 454 597 mox
485 573 686 598 emensum
719 566 830 598 cauta
862 563 1023 599 referret
1053 563 1137 600 iter.

211 618 347 667 Longa
378 619 440 657 via
472 624 532 657 est
562 620 736 667 nimium,
768 621 835 658 vix
867 625 906 658 et
938 622 1169 670 superabilis
1200 622 1277 669 uni,

272 678 383 725 Quod
415 683 543 716 taceas
576 680 694 717 miror
724 680 884 717 forsitan
916 680 1007 718 inde
1040 681 1179 718 minus.

152 744 228 778 [aaa]
262 737 315 775 Te
356 738 522 775 retinent
559 739 649 775 olim
698 739 877 788 praeduri
917 740 1089 777 Saxones
1129 740 1259 787 armis,

151 804 186 830 20
270 797 382 835 Albis
414 798 479 834 ubi
512 799 661 835 effusus
694 811 836 835 cornua
869 799 955 836 bina
986 800 1088 845 facit,

216 856 326 893 Vnde
376 856 573 904 Lycaonio
618 857 762 895 Boreas
814 859 885 895 sub
937 858 1060 895 sidere
1111 859 1262 908 spirans

271 915 445 953 Horrifer
476 917 604 953 urenti
635 917 827 954 contrahit
857 930 948 954 arva
979 918 1080 966 gelu.

212 974 250 1012 Si
291 987 381 1011 vero
422 975 514 1024 quid
556 989 668 1024 agam
702 976 762 1013 vel
801 989 899 1025 quae
938 989 1025 1014 mea
1061 977 1138 1014 fata
1170 977 1346 1026 requiris,

270 1034 355 1071 Non
390 1047 531 1082 gravor
561 1035 610 1072 ad
642 1048 824 1073 numeros
858 1040 996 1073 cuneta
1029 1037 1175 1073 referre
1206 1036 1323 1074 leves.

150 1102 185 1127 25
212 1093 329 1130 Evasi
385 1094 542 1131 tandem
598 1099 686 1143 post
745 1107 858 1132 saeva
922 1095 1095 1144 pericula
1144 1096 1245 1133 vitae

270 1152 320 1189 Et
352 1153 447 1189 felix
480 1166 573 1191 aura
605 1155 849 1203 prosperiore
880 1155 998 1192 fruor.

210 1212 340 1249 Paene
373 1212 468 1249 mihi
502 1225 625 1262 nuper
657 1213 799 1250 vulnus
830 1215 1030 1251 nocuisset
1061 1214 1252 1260 acerbum,

272 1270 381 1318 Quod
414 1275 543 1309 tamen
576 1272 719 1309 inflixit
751 1285 826 1310 non
858 1273 1017 1310 inimica
1048 1285 1198 1310 manus.

212 1329 397 1367 Convalui
436 1344 612 1377 rursum7
654 1332 761 1369 erudi
795 1332 885 1381 quia
917 1332 1088 1369 vulneris
1119 1336 1253 1369 auctor

149 1398 185 1423 30
272 1389 491 1438 Promptior
522 1391 713 1427 auxilium
746 1391 920 1428 vulneris
953 1391 1035 1440 ipse
1067 1391 1166 1429 tulit.

211 1448 372 1486 Plenius
404 1449 500 1486 haee
532 1450 691 1489 dudum,
724 1450 798 1487 nisi
830 1450 951 1495 fallar,
984 1451 1118 1488 charta
1149 1451 1295 1498 legenti

271 1507 454 1555 Tradidit7
487 1513 530 1546 ut
561 1509 715 1558 penitus
747 1510 889 1547 certior
920 1522 1006 1547 esse
1038 1522 1169 1559 queas.

210 1567 304 1604 Post
354 1567 456 1605 vires
508 1568 650 1605 iterum
702 1569 779 1606 fato
832 1569 991 1606 meliore
1051 1573 1282 1618 resumptas,

270 1625 381 1673 Quod
413 1627 553 1672 neseis,
587 1628 750 1676 patriani
782 1628 958 1677 linquere
990 1640 1082 1665 cura
1114 1629 1195 1665 fuit.

148 1694 184 1719 35
211 1686 380 1723 Barbara
412 1687 515 1735 quod
548 1690 651 1724 terra
683 1692 743 1724 est
774 1687 897 1724 doctis
929 1687 1059 1735 ignota
1092 1687 1281 1732 Camenis,

269 1745 374 1782 Pone
407 1746 669 1794 supercilium7
703 1747 813 1783 fortis
847 1747 1013 1792 alumna,
1047 1759 1178 1795 grave.

211 1804 354 1841 Crebra
385 1817 455 1853 per
485 1805 722 1853 Hercyniam
754 1805 916 1843 tulimus
950 1806 1113 1853 vestigia
1146 1806 1294 1852 silvam,

269 1863 362 1900 Mox
393 1864 441 1900 ad
474 1864 681 1912 Brisgoum
713 1865 892 1901 venimus
923 1865 1011 1902 inde
1044 1865 1181 1902 solum.

210 1922 284 1959 Hie
315 1926 432 1971 caput
463 1923 587 1960 erexit
619 1936 707 1960 cum
740 1924 863 1961 multa
895 1923 1009 1961 laude
1042 1924 1284 1972 Friburgum,

151 1989 184 2015 40
270 1981 321 2018 Et
352 1982 467 2030 longe
499 1986 559 2019 est
590 1995 680 2019 vero
712 1983 814 2020 fama
846 1984 1012 2032 superba
1044 1983 1177 2020 minor.

149 2048 226 2082 1213b]
260 2040 373 2077 Hane
404 2041 474 2078 tibi
506 2041 582 2078 iam
613 2046 791 2079 currente
824 2046 906 2079 rota
937 2042 1146 2091 depingere
1174 2054 1287 2079 versu

268 2099 319 2136 Et
350 2100 445 2137 libet
475 2104 514 2137 et
546 2112 731 2149 praesens
764 2101 960 2150 Calliopea
991 2101 1105 2138 iubet.

210 2158 309 2196 Cum
358 2159 472 2196 liceat
524 2159 671 2208 passim
721 2164 876 2197 eantare
926 2160 1143 2209 quibusque
1194 2159 1318 2209 poetis

267 2217 391 2267 Inque
423 2230 538 2255 manu
570 2218 756 2255 citharam
789 2223 938 2256 vertere
969 2231 1161 2268 quemque
1193 2230 1313 2263 suam,

147 2285 182 2310 45
209 2276 288 2314 Cur
342 2289 413 2325 ego
466 2278 527 2314 vel
595 2278 706 2325 genio
767 2277 892 2315 Musis
959 2278 1138 2315 addictus
1192 2277 1324 2327 iniquo

268 2335 413 2384 Sponte
443 2348 529 2373 mea
562 2341 692 2373 vatum
726 2348 908 2385 spernere
941 2348 1049 2374 saera
1080 2337 1222 2374 velim?
