1640 2650
186 1335 218 1361 10

188 1630 221 1656 15

189 1926 224 1953 20

191 2221 225 2247 25

256 716 326 752 [aih]
359 706 609 747 Inlustris
643 705 934 746 academiae
969 704 1336 757 Friburgensis

475 777 901 831 gymnasiarchae
934 776 1229 827 ceterisque

455 848 786 890 senatoribus
824 847 1247 901 prudentissimis

536 919 809 973 Philippus
842 919 1168 971 Engentinus

788 989 827 1030 S.
855 989 906 1030 D.

331 1089 474 1127 Nescio
503 1101 579 1138 quo
600 1089 677 1126 fato
697 1088 858 1133 accidat⁷
891 1087 963 1123 viri
984 1087 1130 1136 optimi,
1164 1092 1205 1124 ut
1227 1086 1463 1135 simulatque

242 1152 420 1198 poemata
450 1160 538 1185 mea
568 1148 608 1185 in
640 1148 768 1185 lucem
802 1146 957 1195 prodire
990 1146 1163 1195 cupiunt7
1202 1150 1268 1182 aut
1306 1145 1462 1182 sinistro

243 1208 373 1246 sidere
398 1208 475 1245 iam
501 1208 672 1256 perfecta
692 1206 937 1255 excipiantur
968 1209 1045 1252 aut⁷
1073 1205 1175 1254 quod
1197 1205 1322 1253 magis
1343 1204 1463 1249 doleo,

244 1268 316 1305 sub
359 1267 500 1304 incude
543 1266 689 1304 librarii
730 1266 959 1314 turpissime
1001 1265 1209 1314 depravata
1246 1264 1287 1301 in
1326 1276 1464 1301 manus

244 1326 446 1364 hominum
468 1326 634 1363 veniant.
681 1324 852 1372 Quorum
885 1324 1049 1362 alterum
1082 1324 1211 1372 priore
1247 1335 1345 1360 anno
1377 1335 1465 1372 per-

244 1398 361 1436 quam
373 1385 530 1434 egregie
544 1385 659 1423 sensi.
687 1385 785 1422 Cum
798 1384 901 1421 enim
920 1383 1214 1432 epithalamium
1228 1383 1413 1420 lusissem
1426 1382 1465 1419 in

244 1444 352 1482 mille
372 1449 411 1483 et
424 1444 730 1494 quadringentos
745 1455 881 1481 versus
895 1443 1082 1480 diffusum
1102 1442 1221 1491 idque
1241 1442 1464 1491 nuptiarum

244 1504 400 1541 illarum
431 1503 591 1550 auctori,
623 1503 803 1552 principi,
836 1514 906 1551 spe
937 1502 1128 1539 uberioris
1161 1501 1324 1550 praemii
1357 1501 1465 1538 obtu-

245 1564 399 1610 lissem,
440 1574 518 1600 non
554 1566 684 1600 tamen
716 1562 800 1599 sine
838 1561 1020 1598 maximis
1051 1561 1237 1610 expensis
1270 1563 1467 1609 (equester

246 1622 351 1660 enim
393 1622 478 1659 01118
521 1621 708 1671 principis
756 1621 886 1658 aulam
932 1625 1015 1658 tum
1060 1620 1312 1669 quaerebam,
1363 1619 1465 1669 quod

246 1685 429 1731 paternos
449 1681 551 1718 lares
573 1693 679 1718 eram
702 1680 909 1729 petiturus)
941 1679 1022 1716 illic
1042 1684 1119 1716 tam
1140 1679 1285 1727 insigni
1304 1691 1466 1716 munere

247 1741 413 1778 donatus
434 1740 605 1777 abscessi
635 1740 704 1788 (dii
723 1739 824 1785 boni,
845 1751 961 1788 quam
982 1743 1072 1776 sunt
1091 1739 1289 1787 principes
1309 1738 1466 1787 quidam

248 1800 371 1838 nostri
402 1799 548 1837 saeculi
579 1799 732 1848 amusi),
764 1804 808 1836 ut
830 1798 991 1847 paulum
1010 1798 1162 1837 afuerit.
1196 1798 1290 1847 quin
1311 1809 1466 1847 equum,

247 1863 444 1897 vectorem
486 1870 635 1905 meum,
676 1858 845 1895 vendere
887 1869 1066 1905 cogerer:
1111 1857 1206 1894 adeo
1250 1869 1336 1894 raro
1377 1861 1469 1893 sunt

248 1918 401 1967 equites
432 1921 579 1967 poetae,
611 1921 654 1954 ut
684 1917 798 1954 etiam
831 1916 1037 1954 comitibus
1068 1916 1192 1953 Musis
1225 1920 1265 1953 et
1288 1915 1467 1964 Apolline

249 1989 412 2014 munera
442 1977 510 2014 diu
540 1980 629 2014 ante
661 1976 787 2014 oblata
818 1975 987 2013 retinere
1010 1979 1215 2025 nequeant.
1267 1974 1469 2012 Succurrit

248 2040 342 2074 tunc
384 2036 481 2073 mihi
522 2047 598 2073 non
642 2035 810 2072 multum
852 2035 1067 2072 liberaliter
1104 2038 1267 2071 tractato
1305 2034 1468 2071 Martius

249 2107 380 2143 meus,
424 2107 543 2144 quem
583 2095 682 2132 forte
722 2095 875 2131 fortuna
914 2093 1065 2131 itineris
1106 2093 1287 2131 comitem
1327 2093 1467 2130 inveni.

250 2153 378 2201 Quare
409 2155 525 2192 etiam
557 2157 641 2191 tum
679 2153 777 2190 mihi
807 2153 892 2202 ipse
923 2153 1134 2195 irascebar,
1177 2152 1281 2201 quod
1317 2156 1469 2189 tantum

251 2225 391 2262 operae
421 2213 462 2251 in
493 2225 577 2250 rem
609 2212 770 2261 perinde
801 2224 878 2249 non
909 2213 1149 2249 fructuosam
1177 2211 1468 2260 impendissem.

250 2272 370 2310 Porro
411 2273 445 2310 si
488 2284 620 2309 meum
660 2271 785 2320 ipsius
826 2271 1032 2308 consilium
1071 2275 1230 2308 secutus
1268 2282 1289 2307 e
1321 2270 1469 2318 campis

251 2331 498 2378 Thessalicis,
512 2331 579 2368 ubi
593 2343 661 2379 pro
676 2330 880 2368 concordia
894 2342 984 2367 cum
995 2330 1199 2368 Centauris
1213 2329 1468 2374 laborabatur,
