1640 2650
176 200 230 236 34
588 210 772 245 EOBANVS,
804 210 1039 236 NORIBERGA.

173 338 224 363 745
244 329 411 366 Dimidio
442 328 567 378 pretio
598 328 714 375 illius,
747 340 822 378 quo
853 328 1008 378 publica
1040 328 1186 377 passim

244 388 320 425 Per
351 389 433 425 fora
464 387 683 425 vendebant
712 387 790 435 alii,
822 387 984 437 penuria
1016 387 1139 425 donec

244 447 370 485 Desiit
402 451 441 485 et
472 447 587 484 rediit
618 446 772 484 Christo
804 446 904 484 (11100
935 446 1097 494 frugifer
1127 458 1262 484 annus.

743 600 905 638 Curia.

243 684 320 722 Sed
353 696 428 733 quo
454 688 492 722 te
513 696 736 722 memorem.
763 683 902 721 domus
927 683 1071 730 inclita,
1095 683 1277 731 carmine,
1298 696 1386 721 cum
1408 684 1465 721 sis

242 743 329 781 Non
360 743 522 781 minima
553 743 749 792 adsumpti
781 754 871 792 pars
905 754 978 780 nec
1011 742 1231 791 spernenda
1260 743 1411 781 laboris.

171 811 222 837 750
244 802 432 840 Curarum
466 802 606 839 domus
637 806 677 840 et
709 802 832 839 sancti
864 801 1085 839 veneranda
1118 805 1274 839 senatus

242 862 376 910 Regia,
409 861 639 910 Scotigenae
671 873 771 911 quae
803 861 994 910 prospicis
1025 861 1102 898 alta
1135 860 1289 898 Sebaldi

184 926 188 930 ”
243 920 420 958 Culmina
452 921 647 971 vicinique
679 920 787 958 vides
818 921 900 958 fora
931 920 1101 957 maxima
1133 920 1254 957 circi‘?

243 979 484 1030 Quamquam
519 992 631 1017 1101110
664 981 757 1017 satis
789 984 826 1017 te
858 979 1029 1017 carmine
1061 979 1233 1029 pinxerit
1264 979 1343 1017 ullo

242 1040 316 1077 Pro
349 1039 510 1086 meritis,
543 1052 612 1089 pro
644 1039 757 1076 laude
789 1044 865 1086 tua,
898 1039 961 1076 cui
993 1039 1132 1076 cedere
1164 1039 1248 1076 iure

171 1108 221 1132 ῖῡῦ
242 1098 391 1136 Debeat
420 1099 580 1148 antiqua
610 1098 814 1135 notissima
844 1098 952 1135 curia
983 1097 1097 1144 Tulli,

171 1166 260 1199 [einh]
294 1158 510 1207 Aggrediar
541 1162 669 1195 tamen
700 1162 739 1194 et
769 1162 898 1195 tantae
931 1169 1007 1194 non
1039 1157 1166 1194 omnia
1197 1169 1314 1206 parvo

242 1216 475 1255 Ornamenta
506 1217 645 1254 domus
677 1217 837 1254 referam
873 1216 941 1253 sed
973 1228 1096 1266 pauca
1127 1216 1269 1254 libello.

241 1275 347 1323 Quae
379 1276 413 1314 si
444 1288 519 1313 non
551 1276 625 1314 alio
657 1275 917 1313 memorabilis
949 1280 1054 1313 esset
1085 1276 1239 1314 honore,

240 1335 323 1373 Hoc
355 1335 511 1373 laudata
543 1335 636 1373 satis
668 1335 802 1381 fuerat,
835 1334 937 1384 quod
970 1334 1113 1371 talibus
1144 1338 1249 1372 esset

169 1404 220 1428 ΠΛ)
240 1394 415 1444 Ingeniis
447 1395 616 1432 habitata
648 1399 813 1443 patrum,
849 1394 914 1443 qui
948 1393 1117 1431 maxima
1150 1405 1281 1431 rerum

240 1454 417 1491 Pondera
448 1466 537 1491 cum
570 1454 743 1500 subeant,
775 1457 938 1502 possunt
969 1457 1007 1490 et
1039 1453 1210 1490 maxima
1241 1453 1351 1489 ferre.

240 1512 354 1550 Nunc
386 1516 446 1550 est
476 1517 515 1550 et
546 1513 706 1562 reliquis
737 1512 936 1550 ornatibus
966 1516 1089 1557 aucta,
1124 1512 1288 1561 superbo

241 1572 529 1610 Structurarum
564 1584 682 1621 opere
714 1576 753 1609 et
784 1571 882 1608 luxu
914 1571 999 1609 loca
1031 1575 1162 1608 sancta
1192 1570 1354 1615 decenti,

240 1631 326 1669 Non
359 1631 476 1668 nimio
507 1636 635 1668 tamen
667 1635 735 1668 3111
765 1630 1007 1668 muliebriter
1037 1630 1252 1676 informato,

168 1699 219 1725 705
240 1690 315 1729 Sed
348 1694 454 1728 casto
485 1690 680 1740 dignoque
713 1690 816 1727 viris.
872 1689 973 1727 Nam
1005 1689 1173 1738 plurima
1204 1701 1340 1737 regum

241 1749 420 1787 Continet
451 1749 620 1787 exterior
652 1749 868 1795 simulacra,
902 1748 1056 1786 heroica
1087 1753 1199 1797 gesta

240 1809 348 1846 Picta
378 1820 448 1858 per
480 1808 630 1857 effigies
660 1820 754 1846 auro
786 1808 982 1857 minioque
1015 1808 1213 1857 superbas.

240 1867 351 1905 Intus
382 1867 594 1905 fornicibus
627 1871 793 1916 surgunt
823 1867 871 1904 de
902 1878 1094 1904 marmore
1127 1870 1230 1904 secto

240 1927 348 1965 Atria
378 1938 455 1964 non
486 1926 565 1964 ullo
596 1939 671 1964 non
703 1930 876 1975 tempore
907 1926 1052 1975 pervia,
1084 1937 1249 1975 quorum

168 1994 219 2020 ττι)
240 1986 380 2024 Clausa
411 1986 631 2035 pavimento
664 1986 796 2023 subter
826 1985 912 2023 loca
942 1984 1106 2022 carceris
1137 1985 1306 2029 umbrae,

239 2045 284 2082 In
317 2045 459 2095 quibus
489 2048 558 2082 3111
588 2045 747 2082 meritos
778 2056 939 2094 poenam
971 2048 1038 2081 aut
1068 2055 1166 2093 quos
1197 2042 1333 2080 ultima
1364 2043 1445 2079 fato

240 2104 437 2153 Supplicia
467 2107 696 2153 exspectant
727 2103 902 2141 custodia
933 2103 1030 2140 dura
1060 2105 1220 2140 0001001.

238 2163 335 2200 Inde
366 2162 511 2212 gradus
543 2166 708 2211 surgunt
739 2162 926 2212 duplices,
965 2161 1105 2211 quibus
1136 2161 1214 2198 itur
1243 2160 1283 2197 in
1315 2160 1457 2205 aulam,

239 2222 379 2260 Aulam
411 2226 489 2259 tam
522 2221 623 2259 iusto
656 2222 779 2271 spatio
811 2233 927 2271 quam
959 2220 1078 2258 divite
1109 2220 1218 2258 cultu

167 2289 218 2315 ῖῖῦ
240 2280 498 2330 Conspicuam
530 2284 727 2330 totamque
760 2292 830 2318 sua
862 2280 934 2318 sibi
966 2279 1068 2317 mole
1099 2283 1293 2328 patentem

239 2339 355 2377 Nulla
386 2339 653 2377 columnarum
686 2339 805 2377 series
836 2339 1055 2385 intersecat,
1087 2341 1154 2375 aut
1185 2349 1285 2387 quae
