1640 2650
174 571 242 597 1025

175 868 243 892 1030

175 1163 243 1188 1035

176 1636 245 1662 1040

619 208 804 236 EOBAst,
836 207 1071 233 NOROEERGA.
1430 195 1485 232 43

268 326 410 364 Incolit
440 330 479 363 et
510 329 657 363 mentes
689 326 836 363 habitat
868 338 1020 362 summo
1051 326 1209 363 aethere
1240 325 1390 373 dignas,

268 385 345 423 Sed
377 385 468 435 quia
499 385 751 433 magnificum
784 385 839 422 nil
871 384 1050 422 omisisse
1082 396 1152 433 per
1183 385 1317 422 urbem

268 444 478 482 Inlustrem
511 444 604 481 mihi
637 456 729 482 cura
760 444 844 490 fuit,
878 444 981 493 quod
1013 444 1183 481 carmine
1214 444 1322 481 nullo

267 503 486 552 Attigerim,
519 503 702 541 brevibus
734 503 825 541 licet
856 515 1052 552 exsequar
1083 503 1209 540 omnia
1241 503 1366 545 dictis,

267 563 378 600 Hanc
408 563 525 600 etiam
556 574 769 600 memorare
799 563 927 599 animo
958 562 1062 599 calor
1092 562 1231 599 invidit
1261 562 1396 600 aedem

268 622 436 668 Sacrann
469 622 596 670 Petre,
628 622 709 668 tibi,
742 622 919 659 caelestis
952 621 1124 670 claviger
1154 622 1275 663 aulae,

268 681 367 718 Tum
399 682 490 731 quia
520 681 724 730 magnifico
757 685 903 718 structa
935 684 996 718 est
1028 692 1143 730 opere
1175 685 1291 730 atque
1323 681 1451 718 labore

267 740 420 778 Artifici
451 742 622 790 perfecta
654 741 759 781 nitet,
792 745 875 777 tum
909 752 1017 777 sacra
1050 744 1202 777 vetusta

267 799 473 848 Religione
505 803 656 849 patrum
690 803 728 837 et
758 800 902 836 multos
935 800 1128 837 celebrata
1159 811 1230 848 per
1259 810 1391 836 annos.

268 859 476 908 Templum
507 863 729 907 augustum,
768 859 916 907 ingens7
950 859 1066 895 celsis
1099 858 1264 896 sublime
1297 859 1487 895 columnis

268 918 524 956 Aedificatum
556 919 672 961 intus,
704 918 826 955 latum
859 917 1064 955 testudinis
1096 918 1196 955 altae

268 977 495 1015 Fornicibus
526 978 671 1015 crebris
702 982 742 1015 et
773 982 898 1014 totum
930 989 1120 1014 marmore
1153 980 1271 1015 secto,

268 1037 474 1075 Praeterea
504 1037 616 1074 donis
648 1037 887 1085 opulentum,
920 1037 1031 1074 dives
1062 1040 1101 1073 et
1131 1036 1226 1079 auri,

268 1095 388 1134 Dives
420 1100 459 1134 et
489 1096 650 1145 argenti,
682 1108 860 1145 quaeque
891 1100 951 1133 est
982 1107 1196 1133 memorare
1228 1096 1445 1142 molestum,

268 1154 470 1193 Nobilibus
501 1155 666 1204 genuuis
698 1155 817 1204 picta'i'
850 1155 971 1192 vestis
1003 1158 1041 1192 et
1073 1158 1187 1192 ostro,

522 1308 804 1358 Sepulcrum
837 1309 935 1346 divi
969 1308 1172 1347 Sebaldi.

269 1391 409 1430 Exstat
446 1393 485 1429 in
520 1393 593 1430 hoc
624 1393 772 1442 templo
804 1396 1098 1430 monumentum
1137 1373 1288 1440 insigne
1321 1392 1488 1439 Sebaldi,

270 1450 395 1498 Quem
427 1451 560 1488 divum
593 1464 682 1501 pars
703 1464 843 1500 magna
864 1455 1010 1489 vocant.
1055 1451 1129 1488 Hic
1156 1452 1307 1500 primus
1327 1452 1374 1489 ab
1397 1452 1488 1488 orbe

270 1510 440 1548 Externo
472 1510 634 1548 veniens
666 1512 788 1548 fertur
818 1511 902 1548 loca
933 1514 1064 1548 nostra
1095 1511 1265 1548 colentes

271 1569 542 1607 Christicolam
574 1570 752 1607 docuisse
784 1570 921 1607 fidem:
955 1582 1024 1619 pro
1056 1570 1167 1607 cuius
1200 1570 1345 1607 honore

271 1627 398 1666 Officii
431 1629 658 1678 meritisque
690 1629 764 1678 piis
796 1629 858 1666 his
891 1629 1060 1666 cultibus
1092 1629 1203 1666 illum

269 1688 426 1726 Adfecit
457 1688 521 1737 pia
551 1700 644 1726 cura
675 1692 828 1737 patrum
861 1692 1002 1726 testata
1037 1688 1202 1725 salutem

176 1754 248 1788 [gib]
274 1747 359 1785 Hoc
390 1747 560 1797 primum
591 1751 747 1785 auctore
779 1747 930 1797 sibique
963 1747 1122 1797 suisque
1154 1752 1338 1796 paratam.

178 1934 245 1959 1045

270 1808 399 1856 Atque
430 1807 516 1844 ideo
548 1807 620 1844 hoc
651 1806 709 1843 illi
741 1818 907 1856 posuere
938 1806 1092 1855 insigne
1125 1807 1346 1856 sepulcrum

271 1864 402 1904 Officii
434 1877 636 1912 memores7
668 1878 744 1915 quo
776 1878 851 1903 non
883 1866 1144 1914 praestantius
1176 1866 1298 1903 ullum

271 1924 363 1963 Sive
394 1937 511 1963 manu
543 1925 626 1962 sive
657 1925 812 1973 ingenio
845 1925 926 1962 sive
957 1929 1039 1962 arte
1071 1925 1256 1973 magistra

272 1984 528 2022 Contendisse
560 1984 664 2021 libet.
710 1983 849 2021 Totum
880 1987 940 2021 est
972 1996 1024 2021 ex
1054 1996 1143 2022 aere
1175 1984 1313 2022 nitenti

271 2043 444 2081 Artificis
475 2043 623 2081 caelata
653 2055 770 2080 manu
802 2043 1063 2092 pulcherrima
1094 2043 1227 2081 moles.

270 2102 442 2140 Naturae
474 2103 590 2139 variis
622 2114 783 2151 operum
814 2103 937 2139 forma
969 2102 1094 2139 omnis
1125 2103 1173 2139 ab
1204 2102 1281 2139 imo

272 2161 406 2210 Surgit
437 2161 629 2211 epistyliis
659 2162 781 2198 fracta
812 2162 1129 2199 excrescentibus
1161 2161 1263 2199 inter

178 2229 247 2255 1050
272 2219 504 2270 Serpentum
537 2220 686 2270 species
718 2232 879 2269 operosa
910 2224 1125 2258 toreumata
1156 2221 1305 2258 florum.

270 2279 317 2316 In
349 2291 499 2317 summo
530 2280 607 2318 coit
638 2283 676 2316 et
707 2279 859 2328 pulchri
890 2279 1045 2328 fastigia
1075 2280 1167 2317 tecti

273 2338 474 2377 Contrahit
504 2339 590 2388 ipsa
620 2338 734 2376 etiam
768 2339 883 2375 variis
915 2338 1062 2376 caelata
1093 2338 1244 2387 figuris,
