1640 2650
634 173 825 208 Bvscmvs,
857 173 1013 198 LIPSICA.
1411 160 1461 197 81

250 296 300 333 Et
330 294 474 332 feriunt
503 293 646 330 teneris
680 292 775 330 vada
808 291 1037 329 tralucentia
1070 291 1221 340 plantis.

250 355 297 392 In
329 354 427 392 tales
460 352 557 390 solvi
589 352 735 398 11111003,
770 351 801 389 31
833 351 956 388 tristis
988 350 1026 387 in
1060 350 1182 387 undas

251 411 577 451 Transformanda
608 411 690 453 fuit,
724 411 885 459 legisset
917 410 1023 458 regia
1055 409 1180 446 Dirce.

250 473 331 510 Has
363 471 480 510 etiam
512 471 662 520 Alpheo
694 470 831 507 Pisaea
862 470 1056 507 Arethusa
1088 469 1223 506 relicto

191 540 224 566 ϋῦ
252 532 493 570 permutaret
523 542 644 580 aquas
676 534 714 567 01
745 530 806 567 0111
839 541 880 566 se
912 529 1074 578 pulcher
1105 529 1265 577 Anapus

250 592 389 629 Miscet
420 590 627 628 Trinacriis
660 593 699 627 et
730 589 863 626 mallet
893 588 1055 625 flumina
1086 587 1269 636 lymphis.

250 651 337 688 Huc
369 650 461 688 Acis
493 649 613 687 vellet
644 649 784 698 spretis
816 660 1020 697 properare
1052 647 1212 692 Sicanis,

250 710 301 748 Et
333 709 489 748 Galatea
522 721 612 746 suos
643 708 796 756 fugiens
829 711 1054 757 sequeretur
1084 718 1245 751 amores,

250 770 362 807 Illam
394 768 608 806 Nereidum
640 768 677 804 ni
711 767 865 805 caerula
895 767 1007 804 turba
1039 778 1225 813 sororum,

192 837 225 864 το
250 829 365 866 Hunc
396 828 579 866 retineret
611 839 745 864 amans
777 827 900 863 niveis
933 826 1091 864 Galatea
1122 825 1288 862 lacertis.

250 888 332 926 Nec
363 892 513 925 tantum
545 886 697 924 blandis
730 886 870 935 piscosi
902 886 1073 923 fluxibus
1104 897 1239 922 amnes

251 947 464 997 Appellunt
494 946 657 995 Lipsim,
691 950 799 995 potes
832 946 895 982 1110
927 944 1096 993 ingentia
1128 945 1238 981 iuxta

251 1007 402 1044 Moenia
434 1010 473 1044 et
504 1006 651 1054 ingenti
686 1005 830 1042 vivaria
862 1017 1018 1042 cernere
1051 1008 1208 1053 sumptu

250 1066 404 1104 Effossa
435 1069 474 1103 et
504 1065 615 1102 dives
647 1065 712 1102 vix
746 1064 871 1114 qualia
904 1065 1026 1101 t'ertur
1057 1063 1173 1101 Orata

193 1135 227 1162 τὸ
254 1127 332 1162 Aut
363 1125 544 1163 habuisse
576 1124 688 1172 gulae
721 1128 808 1173 post
840 1124 942 1160 hunc
975 1123 1183 1160 studiosior
1215 1122 1364 1168 Hirrus,

194 1192 282 1227 [Avb]
317 1184 390 1232 Qui
422 1196 668 1222 murenarum
702 1184 763 1220 six
796 1183 901 1220 milia
932 1187 1067 1220 mutua
1097 1182 1204 1220 cenis

253 1244 429 1282 Caesaris
460 1243 656 1293 appendit,
689 1243 749 1280 vel
781 1242 847 1291 qui
881 1242 1026 1279 vivaria
1057 1241 1189 1278 Baulis

252 1303 407 1341 Baianis
438 1303 572 1340 habuit
604 1302 727 1340 vicina
759 1302 990 1339 Hortensius
1024 1301 1147 1338 undis.

252 1362 443 1413 Aequoris
475 1363 569 1399 haec
600 1362 723 1399 instar
754 1361 932 1398 mirantia
963 1361 1109 1398 lumina
1141 1360 1288 1398 lassant.

193 1432 228 1456 8¹)
253 1422 398 1470 Stagna
430 1422 613 1471 velutque
646 1425 780 1471 patens
812 1433 917 1457 mare
949 1420 1056 1469 largo
1088 1420 1198 1457 litora
1228 1419 1392 1457 tendunt

254 1481 425 1518 Circuitu
459 1486 498 1519 01
527 1481 675 1530 liquido
708 1481 783 1518 late
816 1480 896 1517 sola
928 1492 1053 1517 mersa
1085 1479 1276 1529 profundo

252 1540 460 1590 Aspiciunt
490 1540 674 1589 nullaque
708 1540 815 1577 sinus
846 1552 868 1576 a
900 1544 1009 1588 parte
1041 1543 1226 1576 coercent.

254 1600 308 1638 Te
340 1599 497 1637 Larium
530 1604 705 1649 spectare
736 1603 849 1648 putes
882 1603 920 1635 et
952 1611 1068 1636 rauca
1098 1599 1264 1636 cientem

253 1659 454 1697 Murmura
486 1659 695 1705 Benacum,
727 1658 877 1707 magnis
908 1662 947 1695 et
978 1658 1144 1696 molibus
1175 1657 1305 1706 ipsum

194 1727 228 1754 35
253 1718 377 1756 Nerea
409 1718 622 1755 Lucrinum
655 1718 866 1767 pellentem
898 1717 1086 1767 Lydaque
1118 1717 1234 1754 Tusci

254 1779 389 1827 Regna
420 1778 526 1815 lacus
558 1778 751 1827 quondam
782 1777 922 1815 misero
954 1778 1143 1826 tepefacta
1175 1789 1311 1813 cruore

255 1837 433 1875 Consulis
465 1841 503 1874 01
534 1837 671 1885 Lybioi
703 1848 884 1886 possessa
916 1837 1044 1874 furore
1075 1836 1242 1884 tyranni.

253 1896 367 1935 Nunc
399 1908 514 1946 quem
545 1897 741 1934 delectant
772 1896 892 1933 silvae
925 1896 1183 1933 nemoralibus
1215 1895 1362 1932 umbris

254 1956 478 1994 Condensae
509 1960 547 1993 et
579 1956 716 2005 spissis
748 1967 899 1993 ramosa
929 1955 1130 1993 cacumina
1161 1955 1307 2001 lustris,

193 2024 228 2050 90
254 2016 403 2053 Flectat
434 2015 472 2052 in
505 2027 684 2053 occasum
717 2015 942 2065 devexaque
975 2015 1101 2052 sidera
1132 2014 1283 2051 vultum

253 2075 303 2113 Et
332 2075 465 2112 lucum
497 2075 668 2123 aspiciet,
700 2086 776 2123 quo
808 2086 883 2111 11011
915 2077 975 2111 031
1005 2074 1162 2111 densior
1193 2073 1273 2120 Ida,

253 2134 337 2172 Non
371 2134 531 2171 Dodona
561 2134 666 2171 Iovis
698 2133 850 2171 Phariis
883 2134 1077 2171 celebrata
1108 2133 1308 2173 columbis,

253 2193 340 2231 Non
372 2205 511 2231 nemus
542 2193 757 2243 Hippolyti,
789 2193 899 2231 Silari
933 2205 1003 2230 1100
1034 2192 1225 2242 plurimus
1257 2193 1392 2229 umbra

254 2253 385 2290 Lucus
418 2256 457 2290 01
488 2252 650 2289 Alburni
682 2252 771 2301 iuga
802 2252 1094 2290 frondosissima
1125 2252 1276 2289 montis.

195 2320 230 2345 95
255 2311 364 2349 Hanc
396 2312 523 2349 vicina
554 2311 692 2349 sedens
726 2311 839 2360 longo
871 2312 965 2360 Lips
997 2312 1130 2349 ordine
1162 2311 1299 2348 silvani

256 2390 319 2416 Lat.
339 2390 615 2417 Litteraturdeukm.
638 2391 679 2416 12.
1234 2380 1255 2413 6
