1640 2650
656 146 848 181 Bvscmvs,
880 146 1037 172 LIPsICA.
1435 133 1486 170 85

274 268 403 317 thue
435 265 582 304 habiles
614 264 738 302 ventri
771 265 930 312 malvas,
963 267 1006 301 ut
1038 264 1173 302 sectile
1206 275 1375 312 porrum,

274 327 326 364 Vt
357 327 465 373 siser,
496 329 540 362 ut
571 324 680 374 pigro
713 324 921 373 gaudentia
953 323 1096 372 frigore
1128 325 1246 372 rapa?

273 385 451 423 Brassica
482 397 553 422 1166
585 384 691 431 defit,
724 396 795 422 nec
827 384 937 421 abest
968 383 1129 430 lactuca,
1162 383 1335 420 ciborum

274 444 392 483 Grata
424 444 535 494 quies
568 443 773 493 quondam,
807 455 878 481 nec
911 442 1035 480 stricti
1067 442 1184 480 fascis
1215 442 1348 479 anethi

200 513 252 539 205
272 504 355 542 Nec
384 504 584 553 lapathum
617 515 688 541 nec
720 507 808 540 ruta
838 502 970 540 virens
1001 514 1072 540 nec
1103 502 1300 551 raphanus
1331 514 1419 540 acer

272 564 512 613 Vrinamque
545 563 668 600 citans
700 574 771 600 nec
803 562 944 599 amaris
976 561 1097 599 intiba
1128 560 1246 598 fibris.

272 624 390 661 Plura
421 635 492 660 nec
522 623 721 660 hortorum
752 622 867 660 iactat
898 621 1050 659 cultura
1082 621 1280 669 Syl-orium

272 682 348 720 Hic
379 695 496 732 quani
529 681 720 720 submittit
751 681 898 730 gremio
930 680 993 730 pia
1024 685 1126 718 terra
1158 681 1321 718 recluso.

272 742 384 779 Adde
422 741 525 791 quod
558 745 596 779 et
627 741 779 778 Baccho
811 741 907 778 haec
938 744 1048 789 grata
1087 739 1137 777 sit
1168 740 1323 789 hospita
1353 740 1488 778 tellus:

201 810 254 837 210
272 801 347 839 Hic
378 801 501 850 operit
532 800 650 838 colles
682 803 720 838 et
752 800 895 837 vitibus
927 804 1037 837 ornat
1068 799 1220 849 apricos

273 860 574 910 Pampineisque
605 860 711 897 iubet
741 860 818 897 late
850 860 1092 897 frondescere
1125 859 1235 896 silvis

273 920 452 969 Vinaque
484 919 646 968 largitur
677 919 847 968 gravidis
880 919 1097 957 Semeleius
1129 918 1227 965 uvis,

274 978 411 1027 Qualia
442 979 508 1016 vix
538 979 654 1028 pleno
686 978 808 1028 carpit
840 978 889 1016 ‹le
920 978 1078 1028 palmite
1109 977 1268 1025 Lesbos,

275 1038 411 1086 Qualia
442 1042 623 1076 nectareo
654 1042 818 1088 possunt
850 1041 997 1075 certare
1029 1038 1190 1075 Falerno

201 1107 253 1133 215
275 1099 353 1136 Aut
384 1102 530 1136 certare
561 1098 650 1145 tuis,
681 1097 895 1135 clarissima
926 1097 1040 1144 Setia,
1074 1097 1192 1135 cellis.

204 1165 303 1201 [Bina]
324 1158 437 1195 Nunc
463 1170 525 1195 me
547 1160 648 1195 tecta
667 1161 807 1195 vocant
829 1161 905 1203 tua,
938 1156 1043 1206 Lips,
1072 1169 1175 1194 nunc
1201 1156 1320 1194 ardua
1346 1157 1489 1194 celsam

273 1217 425 1255 Moenia
456 1216 647 1265 turrigero
679 1216 853 1254 tollentia
884 1216 1029 1254 vertice
1061 1216 1237 1254 frontem.

274 1276 381 1324 Quae
413 1276 534 1314 facies
566 1275 702 1315 urbis?
743 1275 848 1322 Quae
880 1276 1003 1313 fornia
1028 1277 1111 1313 est?
1151 1274 1305 1322 Quaeve
1327 1276 1489 1313 deorum

274 1336 477 1374 (3611111116.Ῥ
519 1335 663 1383 Quisve
693 1335 768 1373 1061
800 1335 963 1384 genius?
1008 1334 1114 1382 Quae
1147 1339 1266 1372 strata
1298 1335 1472 1373 viarum?

201 1403 254 1430 220
275 1395 349 1443 Qui
380 1395 509 1433 cultus
541 1395 767 1433 hominum?
810 1394 960 1432 Felices
992 1394 1119 1432 omine
1151 1395 1264 1442 laeto,

272 1454 422 1492 Felices
452 1454 600 1492 animas
630 1454 800 1504 inquam,
833 1466 932 1504 quae
965 1454 1090 1491 sidere
1122 1454 1249 1492 fausto

273 1514 346 1551 His
377 1517 457 1551 tam
487 1513 666 1551 formosis
697 1513 867 1551 tribuere
900 1513 1058 1551 exordia
1089 1513 1222 1551 muris.

273 1573 526 1622 Phosphorus
559 1577 601 1610 ut
632 1573 737 1610 caelo
770 1573 887 1611 micat
918 1573 1019 1610 inter
1051 1573 1177 1610 sidera
1208 1576 1299 1621 toto,

274 1632 372 1670 Cum
404 1632 602 1670 matutinis
633 1633 780 1681 profert
812 1645 854 1670 se
883 1632 1059 1670 roscidus
1087 1632 1205 1680 horis⁷

201 1700 254 1727 225
274 1692 327 1730 Vt
356 1692 474 1730 micat
504 1692 636 1729 electri
667 1691 877 1741 purissima
908 1691 1050 1729 lamina
1083 1691 1175 1730 culti

271 1751 388 1789 quta
419 1751 592 1789 vulnifici
623 1750 816 1800 pugnacia
849 1750 994 1793 semina
1026 1751 1116 1789 ferri

272 1811 404 1860 thue
435 1810 536 1848 inter
568 1810 682 1848 flores
715 1823 854 1848 vernos
886 1811 926 1847 in
958 1810 1161 1848 Chloridos
1192 1811 1303 1849 horto

273 1870 368 1907 Plus
401 1870 548 1919 spargit
582 1867 746 1908 Veneris
777 1882 866 1907 rosa
897 1870 1084 1919 sanguine
1115 1870 1236 1908 tincta
1268 1871 1430 1919 decoris,

272 1929 327 1966 Vt
358 1929 522 1967 nitidum
555 1929 644 1978 plus
676 1929 778 1967 lucet
810 1930 916 1977 ebur,
949 1930 1053 1979 quod
1085 1929 1237 1967 Tiburis
1268 1943 1362 1968 aura

202 1997 255 2023 230
274 1988 435 2038 Semper
465 1989 590 2035 habet,
622 1988 740 2026 micat
771 1992 814 2026 ut
844 1989 1013 2027 conchae
1045 1989 1210 2027 candore
1242 1990 1412 2027 marinae

274 2047 488 2097 Praecipuo
520 2051 654 2097 partus
687 2051 884 2098 certatque
917 2052 960 2086 ut
991 2048 1103 2086 lactis
1135 2049 1270 2086 honori

274 2107 449 2157 Plusque
475 2107 604 2157 placet
622 2107 780 2145 Parium
813 2120 929 2157 quam
954 2111 1082 2146 cetera
1102 2121 1292 2146 marmora
1313 2109 1488 2158 signum:

275 2166 348 2214 Sic,
380 2166 471 2205 licet
503 2170 739 2215 exsuperent
770 2167 853 2204 auri
884 2167 1111 2217 argentique
1143 2168 1298 2206 talentis

273 2225 418 2263 Multae
449 2227 567 2264 urbes
598 2226 715 2264 maris
747 2230 785 2264 et
814 2230 939 2264 terrae
971 2227 1121 2265 dicione
1152 2231 1340 2277 potentes,

203 2292 255 2319 235
274 2284 392 2323 Nulla
423 2285 501 2323 situ
532 2288 661 2324 tamen
693 2286 787 2324 haec
819 2286 977 2324 vincunt
1008 2286 1193 2337 cultuque
1225 2292 1390 2326 venusto
