1640 2650
150 141 172 178 8
180 140 202 177 S
596 152 790 187 ssvscmvs,
822 153 980 178 LIPSICA.

219 271 265 308 In
299 271 469 320 scapulis
501 274 654 308 teneros
686 274 812 320 portat
843 271 911 309 tibi
942 271 1112 308 rusticus
1144 271 1300 319 haedos,

218 330 355 367 Adfert
385 330 574 368 lactentes
607 330 756 379 pavidis
788 343 877 368 cum
908 331 1096 368 matribus
1128 343 1259 379 agnos.

220 390 293 427 Hic
323 393 362 427 et
393 402 490 439 quos
523 389 682 427 canibus
713 390 819 428 iuvat
850 394 966 439 atque
997 390 1176 439 indagine
1209 390 1331 428 saltus

219 449 396 497 Cingere,
428 449 477 487 de
510 449 619 487 silvis
650 450 824 487 referunt
854 450 1082 499 tesquisque
1114 450 1261 498 iugosis

145 517 199 542 310
219 508 403 558 Captivos
434 509 587 558 lepores
619 508 828 558 avidasque
861 521 1068 546 excurrere
1100 509 1244 556 damas,

219 568 440 617 Capreolos,
472 568 628 606 hinulos
660 572 699 605 et
731 580 868 606 saevos
900 568 1080 606 dentibus
1111 580 1237 617 apros.

218 628 332 665 Nunc
365 632 555 677 superest,
589 631 631 665 ut
662 627 790 665 adhuc
822 627 954 677 populi
988 627 1218 665 commercia
1249 627 1375 665 dicam

219 687 455 737 Multiplices
487 691 526 724 et
558 699 650 736 opes
683 691 1017 736 mercatorumque
1048 690 1234 733 catervas,

219 746 293 794 Qui
326 748 407 784 fora
439 747 644 784 sturnatim
675 750 752 793 tua,
785 746 892 796 Lips,
925 750 963 783 et
994 746 1145 783 moenia
1176 750 1376 795 quaerunt,

146 814 197 839 315
219 806 316 843 Cum
350 807 545 855 zephyrus
577 818 694 844 verno
725 806 908 843 fecundat
940 818 1029 842 rura
1063 818 1196 843 sereno

148 873 222 907 [Cib]
251 866 298 904 Et
330 866 431 903 redit
461 870 671 903 autumnus
703 866 827 914 pomis
860 865 1060 902 umbratus
1093 868 1131 902 et
1163 865 1249 902 uvis

218 926 441 975 B1·uma‹ple
473 938 542 962 nos
575 925 679 973 cogit
710 925 791 962 Iani
824 924 1046 962 meminisse
1078 924 1266 962 bifrontis.

217 985 417 1022 Mensibus
450 984 510 1021 his
543 997 697 1034 semper
729 984 922 1033 certisque
955 984 1016 1021 his
1048 984 1223 1033 partibus
1254 983 1345 1021 anni

184 1057 188 1060 ·
218 1044 413 1094 Quidquid
447 1056 588 1093 vesper
619 1044 737 1081 habet
769 1044 829 1081 vel
861 1043 1048 1093 quidquid
1081 1043 1196 1081 donat
1229 1055 1334 1090 eous,

145 1112 197 1137 320
220 1104 277 1141 Ad
312 1104 462 1153 Lipsim
496 1103 642 1152 rapitur
673 1116 790 1140 cursu
821 1103 1056 1152 freinituspie
1089 1102 1258 1140 secundo

218 1163 297 1200 Vix
330 1164 518 1213 populum
552 1164 781 1212 turl‘samque
813 1163 886 1200 viis
920 1162 1160 1212 capientibus
1192 1174 1358 1199 omnem.

220 1223 294 1260 Hic
326 1223 514 1272 quidquid
550 1223 717 1271 Calybes
749 1222 901 1259 fodiunt
932 1226 971 1259 et
1002 1222 1180 1259 Dalmata
1211 1234 1324 1259 caeca

219 1283 297 1321 Sub
330 1283 471 1320 tellure
504 1282 611 1330 legit,
645 1281 833 1331 quidquid
867 1281 1029 1319 Calletia
1060 1281 1170 1318 dives

218 1342 340 1389 Eruit,
373 1342 437 1379 hic
469 1341 659 1390 quidquid
691 1341 859 1390 pretioso
891 1340 1006 1378 tinxit
1037 1343 1132 1377 aimo

147 1409 198 1435 325
219 1401 456 1451 Fucavitque
489 1400 616 1449 Tyrus
647 1404 690 1438 et>
717 1400 864 1437 murice
897 1400 1035 1449 Sparta
1068 1399 1236 1437 secundo

219 1461 391 1507 Ponitur,
424 1461 501 1498 huc
532 1459 635 1497 avidi
666 1459 824 1497 mittunt
857 1472 926 1497 sua
958 1459 1104 1496 vellera
1136 1458 1263 1505 Seres,

218 1520 306 1557 Huc
337 1519 525 1569 quidquid
558 1519 720 1569 pinxere
753 1519 932 1567 Phryges
965 1518 1151 1567 radioque
1184 1518 1334 1555 sonanti

219 1579 391 1617 letulit
423 1579 596 1627 Assyria,
629 1579 815 1627 Babylon,
850 1578 1041 1616 Chaldaea
1076 1578 1147 1615 sub
1179 1578 1325 1615 umbra.

219 1639 307 1676 Huc
340 1638 500 1676 veniunt
532 1638 667 1676 bimari
701 1638 886 1677 certantia
919 1650 1009 1675 vasa
1042 1637 1235 1684 Corintho,

146 1706 199 1732 330
219 1699 305 1736 Huc
336 1710 429 1736 auro
462 1697 575 1735 solidi
606 1701 773 1735 crateres
805 1697 988 1746 fulvaque
1020 1696 1165 1746 passim

218 1758 266 1795 Et
299 1770 397 1807 quae
430 1757 627 1795 Mentoreo
660 1757 832 1806 perfecta
863 1760 1079 1794 toreumata
1111 1755 1218 1793 caelo

219 1819 298 1855 Aut
329 1817 434 1854 iures
466 1817 640 1865 Phrygio
673 1816 799 1853 solum
831 1816 1031 1853 tractanda
1063 1815 1251 1853 ministro.

218 1876 332 1914 Nunc
363 1876 451 1913 Indi
484 1876 666 1925 rubrique
698 1880 825 1925 potest
857 1875 1034 1925 quisnam
1067 1874 1245 1924 aequoris
1277 1874 1397 1922 ignes,

220 1935 314 1983 Quis
347 1947 521 1984 gemmas
553 1948 757 1973 numerare
790 1935 916 1972 valet?
964 1934 1052 1972 Non
1085 1933 1214 1982 segnis
1246 1934 1363 1983 iaspis

147 2004 199 2029 333
219 1996 293 2032 Hic
324 1995 432 2042 viret,
464 2007 601 2032 arcano
633 1995 696 2032 hic
727 1995 972 2042 amethystus
1003 1994 1175 2042 fulgurat
1207 1996 1320 2039 ostro,

148 2062 233 2096 [Cijal
263 2054 415 2092 Electra
447 2054 509 2091 hic
541 2054 686 2091 crebris
718 2054 912 2091 delectant
944 2053 1065 2090 mixta
1097 2052 1322 2100 smaragdis.

219 2114 293 2151 Hic
325 2117 364 2151 et
396 2113 641 2161 sardonyces,
674 2113 806 2161 lychni
839 2113 1082 2162 flammisque
1114 2111 1252 2161 pyropi

220 2173 444 2219 Conlucent,
477 2172 592 2209 variis
624 2172 822 2220 hyacinthi
854 2172 918 2209 hic
949 2172 1065 2209 ducta
1096 2171 1232 2219 figuris

221 2232 382 2269 Caerula
412 2231 666 2281 praeradiant,
698 2231 808 2280 opalo
840 2232 1023 2268 confusus
1054 2230 1202 2280 apistus

148 2300 200 2326 340
221 2291 407 2341 Splendet
439 2295 477 2329 et
509 2291 677 2340 infragili
708 2294 851 2328 teretes
882 2291 1085 2328 adamante
1117 2289 1294 2337 cylindri.
