1640 2650
191 565 207 591 5

234 320 368 357 Musas
412 325 619 370 antequam
662 322 762 360 male
803 323 1037 360 haberentur
1075 324 1338 371 reduxissem,
1378 337 1455 363 non

235 379 387 416 dicerer
418 385 597 429 poemata
635 382 822 419 obtulisse
860 382 1071 420 metuentia
1104 384 1312 421 scombros.
1376 384 1454 423 Sed

234 451 310 475 non
341 439 510 488 amplius
540 440 790 489 loquendum,
823 453 872 478 ne
903 442 1001 478 mihi
1032 443 1266 480 camarinam
1299 456 1454 482 movere

234 497 376 535 videar.
420 499 599 536 Alterum
620 512 710 537 vero
733 501 866 549 paucis
886 505 974 538 ante
994 501 1132 539 diebus
1151 502 1254 551 apud
1277 515 1345 540 vos
1366 515 1453 540 sum

234 561 421 606 expertus
463 570 539 595 non
581 559 666 596 sine
706 572 845 607 magno
885 560 1004 597 animi
1046 561 1189 599 dolore.
1253 561 1452 611 Siquidem

233 629 321 653 cum
372 617 471 655 hanc
514 618 823 656 lucubrationem
867 619 1106 668 Hieronymo
1149 633 1235 658 11190
1279 626 1362 658 tum
1406 622 1453 659 ob

233 676 429 724 egregiam
475 677 732 715 eruditionem
777 683 859 715 tum
905 679 951 716 ob
995 677 1262 717 incredibilem
1303 693 1453 718 morum

175 742 250 776 [aaa]
279 736 509 773 suavitatem
550 736 643 773 mihi
686 737 1003 775 coniunctissimo
1046 739 1255 788 ascriptam
1296 739 1453 777 librario

174 862 207 887 10

234 795 516 832 commisissem
559 807 747 846 suamque
790 797 858 834 ille
902 809 1058 846 operam
1099 802 1204 835 esset
1244 799 1453 847 pollicitus,

232 853 329 891 adeo
356 854 483 891 omnia
504 867 623 903 paene
643 855 811 894 invertit,
845 856 1081 905 depravavit,
1108 858 1260 895 mendis
1279 857 1452 905 involvit,

187 927 191 931 ·
232 917 276 949 111
320 913 387 949 vix
432 914 547 951 huius
591 927 654 951 me
700 916 891 964 poematis
940 920 1137 953 auctorem
1187 929 1452 965 agnoscerem.

174 1157 205 1182 15

171 1453 205 1479 20

171 1750 205 1775 25

170 2046 206 2071 30

170 2341 204 2367 35

233 972 350 1009 Porro
383 973 471 1021 quis
503 985 577 1010 non
610 974 759 1011 caelum
792 980 918 1012 terrae
942 980 980 1012 et
999 980 1123 1013 terras
1145 976 1307 1014 misceat
1325 976 1452 1023 undis,

232 1031 298 1068 ubi
335 1036 392 1069 tot
431 1044 579 1070 errores
617 1033 657 1069 in
695 1039 773 1071 tam
816 1047 934 1083 parvo
967 1035 1154 1084 opusculo
1186 1036 1453 1073 occurrerint?

231 1090 281 1128 Et
312 1091 415 1140 quod
447 1091 561 1140 longe
592 1096 653 1130 est
677 1093 1074 1142 impmlentissimum,
1109 1095 1240 1132 statim
1260 1095 1299 1131 in
1319 1095 1452 1132 limine

232 1150 286 1187 ita
318 1155 487 1187 erratum
521 1157 581 1188 est
611 1164 634 1189 a
666 1152 838 1199 librario,
880 1158 922 1190 ut
954 1154 1242 1191 manifestarius
1275 1155 1452 1192 soloecus

232 1209 397 1246 frontem
430 1210 549 1247 libelli
577 1211 744 1249 intuenti
768 1224 858 1249 mox
881 1224 968 1249 sese
989 1213 1135 1260 offerat,
1161 1213 1345 1250 nimirum
1365 1225 1452 1251 can-

231 1269 354 1306 terius
374 1269 414 1305 in
428 1274 548 1318 porta.
581 1269 752 1317 Quantas
772 1275 866 1309 tunc
885 1272 1104 1320 tragoedias
1125 1272 1340 1319 excitarim,
1363 1285 1452 1310 cum

231 1327 271 1364 id
303 1333 509 1375 constaret,
545 1333 680 1378 utpote
710 1342 832 1367 novae
863 1331 1013 1368 feturae
1044 1343 1186 1380 parens
1218 1343 1451 1381 quamquam

231 1399 281 1424 ne
308 1399 471 1435 maguae
491 1388 650 1437 quidem
683 1394 814 1426 contra
840 1389 1117 1437 insidiatorem,
1146 1391 1186 1427 hi
1206 1390 1451 1439 potissimum

232 1446 372 1493 sciunt,
405 1459 569 1496 quorum
588 1448 858 1493 familiaritate,
887 1448 980 1485 dnm
1000 1449 1104 1498 apud
1124 1461 1194 1486 vos
1215 1461 1331 1496 eram,
1364 1461 1451 1487 sum

231 1517 337 1543 usus.
388 1505 471 1543 Nec
504 1507 709 1555 quiescere
742 1508 860 1556 potui,
893 1508 1016 1545 donec
1037 1520 1103 1546 eos
1124 1520 1275 1546 errores
1294 1509 1452 1546 aliunde

231 1565 323 1601 mihi
345 1570 394 1611 et,
417 1570 459 1602 ut
479 1566 592 1615 plane
611 1567 785 1613 arbitror,
808 1567 895 1604 data
916 1579 1034 1616 opera
1059 1568 1248 1617 impactos
1268 1568 1450 1605 eluerem.

230 1624 425 1661 Basileam
457 1625 576 1674 igitur
608 1626 814 1674 profectus,
847 1631 889 1663 ut
912 1626 1118 1664 Erasmum
1139 1627 1450 1674 Roterodamum‚

230 1683 350 1720 tofius
365 1682 594 1722 Germaniae
611 1685 731 1722 decus
745 1685 976 1726 immortale,
992 1692 1031 1723 et
1045 1686 1208 1723 Beatum
1218 1686 1450 1723 Rhenanum

231 1742 552 1789 eruditissimum,
564 1756 731 1792 quorum
745 1745 1026 1782 consuetudine
1036 1746 1144 1782 fruor
1157 1745 1450 1793 iucundissime,

231 1806 460 1851 ceterosque
506 1803 714 1840 litterariae
763 1804 821 1841 rei
871 1804 1066 1853 principes
1117 1817 1245 1842 coram
1296 1816 1450 1854 quoqne

230 1861 418 1907 viderem,
451 1862 653 1899 occasione
685 1862 813 1900 oblata
838 1863 933 1900 haec
959 1876 1045 1901 inea
1070 1863 1294 1912 Friburgica
1325 1863 1450 1901 denuo

230 1920 491 1969 imprimenda
522 1922 665 1958 curavi.
725 1921 765 1959 Si
797 1926 927 1959 autem
959 1922 1176 1972 cuiuspiam
1207 1923 1323 1960 tacita
1355 1922 1450 1959 mihi

231 1980 470 2028 obstreperet
517 1980 718 2028 cogitatio,
767 1993 837 2018 cnr
881 1982 980 2019 hanc
1024 1994 1150 2019 meam
1192 1982 1329 2019 urbem
1373 1993 1450 2018 non

232 2038 519 2076 inlustraverim
559 2039 774 2083 fecundius,
813 2053 883 2077 cur
912 2041 953 2078 in
985 2046 1063 2078 tam
1096 2040 1246 2078 modico
1278 2040 1449 2078 carmine

232 2097 304 2134 sim
337 2098 452 2146 paulo
483 2098 751 2147 importunior,
783 2099 817 2136 is
848 2100 948 2137 intra
976 2111 1018 2137 se
1038 2100 1185 2148 cogitet
1204 2111 1279 2137 non
1300 2103 1449 2136 tantum

230 2156 304 2193 olei
319 2168 538 2206 superesse,
558 2158 670 2195 cuius
688 2158 875 2195 iacturam
895 2159 944 2196 ad
963 2159 1227 2196 accessionem
1241 2158 1448 2207 parandam

230 2216 358 2252 facere
398 2228 572 2265 possem,
610 2217 772 2266 proinde
808 2218 848 2254 in
887 2223 965 2255 tam
998 2218 1148 2255 modico
1180 2222 1356 2267 poemate
1388 2229 1449 2255 me

230 2278 288 2311 tot
318 2286 460 2312 naevos
480 2275 612 2312 videre
632 2276 867 2325 nequivisse.
918 2276 957 2315 Si
977 2288 1069 2314 vero
1088 2276 1127 2313 id
1153 2289 1229 2314 non
1248 2276 1448 2325 placuerit,

231 2337 270 2370 et
302 2333 455 2371 simiam
487 2346 536 2371 ex
557 2334 726 2372 Tabraca
759 2347 848 2373 suos
879 2336 1027 2373 catulos
1047 2335 1234 2373 extollere
1253 2339 1447 2384 agnoscat.
