1640 2650
593 217 779 251 EossAst,
810 216 1044 241 NORIBERGA.
1402 204 1426 240 3
1435 204 1456 240 7

242 336 402 384 Quando
434 348 505 385 per
535 335 736 383 ingentem
769 334 951 372 Germani
984 334 1150 371 nominis
1181 345 1286 370 oram

170 406 220 431 845
240 395 327 433 Non
358 395 473 433 aliam
504 395 674 444 populus
706 393 948 431 numerosior
979 393 1110 431 incolit
1140 393 1288 430 urbem.

241 455 324 492 Nec
354 454 484 492 minus
515 457 576 491 est
606 453 724 491 facies
756 453 933 502 speciosa
965 456 1004 490 et
1036 451 1240 501 splendida
1271 451 1424 501 pulchri

242 513 365 561 Quam
394 513 562 562 spatiosa
588 513 671 560 fori,
699 524 866 562 namque
892 512 1065 561 undique
1092 511 1254 560 pulchra
1279 514 1462 548 coronant

243 574 371 622 Atque
403 584 519 622 opera
549 576 665 621 atque
697 572 836 609 domus
867 571 1050 620 pulchrae
1083 575 1319 619 sumptuque

1244 628 1461 679 [superbae.

243 691 374 741 thue
405 690 564 741 aliquid,
597 690 778 740 quoniam
810 691 920 727 locus
952 690 1049 727 istoc
1081 689 1262 738 postulat⁷
1295 689 1431 726 horum

171 760 223 785 ‹affl›
243 751 440 797 Libemus,
473 750 607 799 paucis
639 749 826 799 quaedam
860 749 955 786 libet
986 748 1101 786 edere
1133 748 1272 785 verbis.

416 904 577 942 Fontis
609 903 921 952 pulcherrimi
955 902 1232 951 descriptio.

246 988 279 1025 A
311 988 449 1025 dextra
480 987 637 1035 regione
668 986 752 1033 fori,
784 999 861 1036 qua
892 986 1016 1023 clivus
1047 987 1094 1023 ab
1126 998 1213 1022 arce

244 1046 396 1084 Desinit
428 1050 642 1091 extremus,
675 1050 751 1083 stat
781 1045 956 1094 pyramis
987 1049 1073 1082 acta
1105 1045 1176 1083 sub
1208 1056 1322 1082 auras

246 1106 458 1155 Perspicua
489 1110 527 1143 et
560 1105 675 1142 variis
707 1117 868 1154 operum
901 1104 1045 1142 caelata
1077 1104 1224 1153 figuris⁷

176 1173 238 1207 [fib]
265 1165 457 1202 Marmore
487 1169 566 1203 tota
598 1165 725 1201 nitens
756 1168 872 1213 atque
903 1176 997 1201 auro
1029 1168 1108 1201 tota
1139 1175 1358 1210 coruscans,

174 1234 225 1259 sss
247 1224 390 1262 Crebra
421 1224 524 1273 pylis
556 1228 595 1261 et
627 1223 833 1272 multiplici
865 1227 1049 1272 tanquam
1082 1221 1215 1259 ordine
1248 1221 1406 1259 structis

247 1283 434 1321 Turribus
465 1283 699 1331 adsurgens3
732 1282 894 1331 topiaria
926 1282 1056 1319 dicere
1088 1282 1215 1331 possis

246 1343 343 1380 Esse
375 1355 510 1392 opera7
549 1347 588 1379 at
620 1342 776 1379 mollem
810 1354 884 1378 non
917 1341 1055 1379 fallunt
1088 1353 1277 1378 marmora
1308 1344 1466 1378 tactum.

248 1402 510 1440 Circumstant
541 1402 748 1439 simulacra
779 1401 905 1438 virum
938 1401 987 1438 de
1020 1413 1211 1437 marmore
1245 1400 1396 1449 sculpta

248 1462 375 1510 Atque
406 1473 500 1498 auro
532 1461 687 1507 caelata,
719 1460 861 1509 quibus
893 1460 1029 1498 florere
1060 1472 1131 1508 per
1161 1460 1296 1497 urbem

177 1530 228 1554 sco
250 1520 351 1557 Cura
382 1520 455 1557 fuit
486 1520 602 1557 rebus
634 1532 704 1568 per
734 1519 847 1556 fortia
877 1520 978 1556 facta
1008 1519 1201 1567 gerendis.

249 1579 389 1616 Totum
421 1590 518 1628 opus
549 1579 722 1616 exterius
754 1578 970 1615 circumdat
1001 1579 1128 1615 ferrea
1159 1590 1295 1626 saepes

250 1638 441 1676 Cancellis
473 1642 656 1675 contexta
687 1637 778 1684 suis,
810 1637 858 1674 de
891 1648 1082 1674 marmore
1113 1641 1238 1674 crater

250 1698 362 1734 Intus
393 1701 432 1734 et
463 1697 621 1734 undanti
654 1697 823 1734 refluens
854 1696 1060 1745 aspergine
1091 1697 1254 1744 labrum,

249 1757 295 1794 ln
328 1756 431 1805 quod
464 1756 601 1793 defluit
633 1756 735 1793 unda
768 1756 826 1793 bis
858 1760 942 1792 octo
973 1755 1171 1793 canalibus
1202 1755 1337 1802 aereis,

178 1825 231 1850 δεῖ»
251 1815 355 1862 Quas
388 1815 514 1864 capita
545 1815 713 1852 humano
745 1815 843 1852 rictu
875 1814 1062 1852 deformia
1093 1814 1220 1852 saevis

252 1874 441 1912 Dentibus
473 1886 685 1923 apprensas
717 1874 885 1911 retinent
915 1878 1135 1923 teretesque
1165 1873 1291 1911 tenaci

251 1933 328 1972 Ore
361 1937 507 1982 spuunt
537 1933 673 1977 undas,
706 1945 871 1982 quarum
902 1945 978 1969 nou
1009 1933 1117 1981 larga
1149 1932 1310 1970 scaturit

252 1993 324 2030 Illo
355 2005 456 2030 vena
486 1993 581 2038 loco,
614 1992 682 2029 sed
715 2004 831 2041 quam
863 1992 910 2029 de
942 1992 1046 2029 fonte
1079 1992 1235 2041 sequaci

253 2052 464 2089 Terrestris
495 2051 610 2100 longo
642 2051 800 2088 deducit
831 2050 963 2088 fistula
994 2055 1131 2097 tractu,

181 2120 233 2145 sm
253 2111 339 2148 Non
372 2115 415 2148 ut
445 2123 566 2160 aquas
598 2110 689 2147 olim
722 2110 854 2159 plures
885 2110 1059 2147 Romana
1091 2110 1238 2147 solebat

253 2170 405 2207 Ducere
437 2174 475 2207 et
506 2170 676 2207 obiectos
708 2169 902 2206 terebrare.
934 2169 1104 2217 potentia
1136 2173 1286 2206 montes

254 2230 383 2278 Atque
414 2240 581 2278 aequare
613 2240 728 2266 cavas
761 2232 908 2265 structa
939 2228 1135 2265 testudine
1167 2227 1306 2264 valles:

254 2288 439 2326 Nostrum
473 2300 571 2337 opus
602 2291 663 2325 est
694 2299 833 2336 operae
863 2287 1037 2333 levioris,
1076 2291 1115 2324 et
1144 2287 1332 2336 approbat
1363 2289 1471 2323 aetas

255 2347 386 2396 Ipsius
418 2347 514 2384 haec
545 2358 670 2383 usum.
734 2345 860 2393 Quare
893 2358 962 2384 seu
995 2346 1150 2383 nomine
1182 2346 1327 2382 fontem
