1640 2650
582 214 768 249 EOBANVS,
800 214 1034 239 NORIBERGA.
1393 201 1444 238 23

227 334 332 371 Aura
363 337 503 380 movet,
537 332 637 370 serie
669 344 766 382 quas
797 344 885 369 area
916 332 1029 380 longa
1062 336 1249 381 quaterna

229 392 410 430 Continet
441 392 652 441 impositas,
685 404 801 441 quam
833 395 952 428 totam
984 391 1210 439 ingentibus
1242 390 1389 427 umbris

225 451 354 489 Paene
385 455 524 500 tegunt
556 451 816 500 gravidosque
854 450 983 487 levant
1016 450 1272 487 subeuntibus
1304 453 1447 487 aestus.

154 519 207 545 410
284 510 360 548 Hic
391 522 545 560 quoque
577 510 775 559 conspicui
807 514 887 547 tres
920 514 1025 547 secto
1054 522 1075 546 e
1101 521 1292 546 marmore
1320 509 1446 546 fontes

225 569 272 607 In
302 582 396 607 cava
429 570 630 619 supposita
661 582 732 607 9911
765 569 989 618 baptisteria
1021 569 1141 605 labris

225 629 377 666 Aeratis
408 629 577 678 gelidam
609 629 745 666 fudere
778 628 976 665 canalibus
1008 628 1164 674 undam7

226 689 354 737 Atque
385 688 438 726 ita
471 689 542 725 sub
575 688 688 725 calidi
721 688 813 725 solis
847 688 1065 725 sitientibus
1097 692 1207 723 aestu

227 748 354 784 Aerea
384 747 609 795 largifluum
642 747 832 784 suffundit
864 747 992 783 fistula
1026 758 1151 783 rorem

155 815 207 840 415
228 805 322 843 Tam
355 806 537 855 gelidum,
570 819 685 855 quam
719 806 751 843 si
783 806 947 843 brumali
979 805 1123 853 frigore
1156 809 1295 852 manet7

157 872 258 907 [ciiijb]
289 865 383 902 Tam
414 866 617 915 liquidum,
650 878 765 915 quam
799 865 1017 902 Bandusiae
1048 865 1097 902 sit
1124 865 1271 901 vitreus
1300 865 1447 901 humor.

229 923 440 962 Castalium
473 925 579 962 dicas
610 926 756 962 fontem
787 929 853 962 aut
885 924 1154 973 Aganippidos
1187 924 1312 961 undae

228 983 315 1021 Huc
346 984 515 1033 aliquam
546 984 661 1021 tacito
693 984 861 1021 delatam
892 983 1052 1020 flumine
1084 995 1233 1027 venam,

229 1042 270 1080 Si
301 1043 415 1080 modo
448 1043 525 1080 sint
551 1043 696 1087 Musae,
730 1055 829 1092 quae
860 1043 1002 1080 Norica
1028 1042 1186 1079 flumina
1218 1046 1364 1091 potent.

156 1109 209 1136 420
230 1100 471 1151 Quamquam
505 1107 594 1139 sunt
626 1103 759 1143 etiam,
799 1102 868 1139 sed
907 1114 976 1139 nos
1015 1102 1153 1139 decora
1184 1101 1317 1138 inclita
1348 1101 1449 1150 prati

228 1160 418 1198 Convenit
448 1161 583 1199 Allerii
615 1162 730 1210 nugis
762 1161 953 1198 deducere
985 1161 1150 1198 omissis.

226 1219 340 1258 Parte
372 1220 474 1269 quod
506 1233 528 1257 a
559 1220 668 1258 laeva
699 1221 908 1270 tranetpiillo
940 1220 1110 1268 cingitur
1141 1220 1255 1266 amni,

227 1279 400 1317 Dextera
431 1280 530 1317 colle
562 1280 663 1317 viret
694 1280 843 1317 modico
876 1280 1092 1329 leviterque
1125 1279 1335 1316 remissum

226 1337 273 1375 In
305 1338 450 1376 clivum
483 1344 678 1388 surgente,
711 1339 779 1376 sed
811 1339 934 1376 hortis
966 1339 1246 1387 arborilnisque

155 1405 207 1431 4⁴25
226 1397 273 1434 In
305 1397 474 1447 speciem
506 1398 676 1436 nemoris
708 1398 868 1439 9111111111,
901 1398 1041 1447 quibus
1072 1397 1320 1435 involitantes

228 1456 403 1494 Vei-nant
433 1462 593 1506 argutae
626 1457 805 1495 volucres
838 1463 875 1495 et
908 1457 1068 1494 vocibus
1100 1469 1213 1494 auras

228 1515 448 1553 Dulcisonis
479 1516 662 1562 mulcent,
695 1529 765 1553 8911
795 1517 977 1553 Phoebus
1008 1528 1121 1553 mane
1153 1528 1359 1553 renascens

227 1574 376 1612 Infudit
406 1576 521 1613 rebus
552 1588 667 1625 quem
700 1588 777 1613 nox
808 1576 897 1613 tulit
928 1580 1011 1613 atra
1042 1575 1221 1620 9111019111,

231 1633 309 1671 Seu
340 1646 430 1671 cum
463 1641 614 1672 summa
645 1639 760 1675 tenet,
794 1647 864 1672 seu
897 1644 985 1671 cum
1018 1635 1114 1683 petit
1146 1635 1281 1671 ultima
1313 1634 1410 1671 caeli

155 1701 209 1727 430
227 1691 383 1730 Limina
412 1693 628 1731 Atlantiaco
660 1694 853 1731 tincturus
884 1694 922 1730 111
954 1706 1119 1743 aequore
1151 1706 1320 1730 currum.

227 1751 300 1789 Ille
332 1752 440 1789 locus
472 1765 671 1802 nunquam
703 1757 814 1790 vacat
845 1757 912 1790 aut
943 1753 1134 1790 consortia
1166 1753 1309 1801 nescit3

227 1810 316 1848 Non
348 1815 477 1848 tamen
508 1824 634 1861 usque
665 1812 762 1849 adeo
794 1812 898 1861 capit
929 1812 1183 1849 immoderata
1215 1812 1394 1861 voluptas

227 1870 309 1908 Ista
340 1870 413 1907 1091
444 1882 570 1920 neque
603 1871 659 1908 sic
691 1883 817 1908 mores
850 1871 990 1908 evertit
1021 1872 1215 1918 honestos,

228 1929 282 1966 Vt
313 1929 524 1979 quicquam
555 1930 618 1967 vel
649 1934 762 1978 turpe
793 1934 930 1978 gerant
961 1930 1023 1968 vel
1055 1930 1194 1968 inertia
1225 1934 1392 1968 tractent

157 1996 209 2023 435
231 1986 317 2026 Otia
349 1988 484 2026 cixiles
516 2001 586 2026 nec
617 1989 864 2038 respicientia
894 1989 1014 2038 legeS,

231 2045 474 2097 Quicumque
504 2047 580 2085 ista
612 2048 745 2086 colunt
774 2048 865 2085 laeti
897 2048 1077 2086 viridaria
1107 2048 1219 2097 prati.

229 2105 312 2144 Nec
343 2107 551 2156 quisquam
582 2107 631 2144 (le
662 2111 719 2144 tot
750 2108 985 2145 subeuntum
1015 2108 1172 2145 milibus
1203 2119 1377 2157 unquam

228 2165 360 2214 Iurgia
389 2166 566 2204 funestae
598 2166 718 2203 movit
749 2166 939 2204 discordia
970 2179 1145 2216 pugnae:

229 2223 376 2262 Tantus
406 2237 514 2262 amor
544 2225 698 2274 populo,
730 2230 810 2262 tam
841 2238 933 2263 cura
965 2231 1025 2263 est
1057 2226 1193 2263 sedula
1224 2226 1342 2275 pacis,

157 2291 210 2317 440
232 2282 326 2320 Tam
358 2284 517 2322 fundata
549 2284 658 2322 bonis
690 2284 894 2322 concordia
924 2285 1078 2333 legibus
1110 2285 1246 2322 haeret

230 2340 418 2380 Omnibus
448 2343 690 2391 inconcussa,
722 2355 793 2381 nec
825 2347 884 2381 est
916 2344 982 2393 qui
1015 2344 1166 2381 solvere
1198 2348 1339 2391 tentet3
