<?xml version="1.0" encoding="UTF-8"?>
<!DOCTYPE html PUBLIC "-//W3C//DTD XHTML 1.0 Transitional//EN"
    "http://www.w3.org/TR/xhtml1/DTD/xhtml1-transitional.dtd">
<html xmlns="http://www.w3.org/1999/xhtml" xml:lang="en" lang="en">
 <head>
  <title>
</title>
<meta http-equiv="Content-Type" content="text/html;charset=utf-8" />
  <meta name='ocr-system' content='tesseract 3.04.00' />
  <meta name='ocr-capabilities' content='ocr_page ocr_carea ocr_par ocr_line ocrx_word'/>
</head>
<body>
  <div class='ocr_page' id='page_1' title='image "./noribergaillvstr00hessuoft_0121.png"; bbox 0 0 1640 2650; ppageno 0'>
   <div class='ocr_carea' id='block_1_1' title="bbox 1425 185 1479 222">
    <p class='ocr_par' dir='ltr' id='par_1_1' title="bbox 1425 185 1479 222">
     <span class='ocr_line' id='line_1_1' title="bbox 1425 185 1479 222; baseline 0 0"><span class='ocrx_word' id='word_1_1' title='bbox 1425 185 1479 222; x_wconf 84' lang='lat'>59</span> 
     </span>
    </p>
   </div>
   <div class='ocr_carea' id='block_1_2' title="bbox 202 314 1482 955">
    <p class='ocr_par' dir='ltr' id='par_1_2' title="bbox 202 314 1482 955">
     <span class='ocr_line' id='line_1_2' title="bbox 260 314 1481 366; baseline -0.002 -12"><span class='ocrx_word' id='word_1_2' title='bbox 260 316 503 366; x_wconf 84' lang='lat' dir='ltr'>Quamquam</span> <span class='ocrx_word' id='word_1_3' title='bbox 535 316 622 363; x_wconf 80' lang='lat' dir='ltr'>sint,</span> <span class='ocrx_word' id='word_1_4' title='bbox 655 316 722 365; x_wconf 90' lang='lat' dir='ltr'>qui</span> <span class='ocrx_word' id='word_1_5' title='bbox 756 316 883 352; x_wconf 87' lang='lat' dir='ltr'>minus</span> <span class='ocrx_word' id='word_1_6' title='bbox 916 316 1088 364; x_wconf 74' lang='lat' dir='ltr'>probent,</span> <span class='ocrx_word' id='word_1_7' title='bbox 1121 315 1223 364; x_wconf 80' lang='lat' dir='ltr'>quod</span> <span class='ocrx_word' id='word_1_8' title='bbox 1244 314 1481 352; x_wconf 76' lang='lat' dir='ltr'>cumulatius</span> 
     </span>
     <span class='ocr_line' id='line_1_3' title="bbox 260 374 1479 424; baseline -0.002 -11"><span class='ocrx_word' id='word_1_9' title='bbox 260 377 395 414; x_wconf 88' lang='lat' dir='ltr'>urbem</span> <span class='ocrx_word' id='word_1_10' title='bbox 426 388 514 413; x_wconf 89' lang='lat' dir='ltr'>cum</span> <span class='ocrx_word' id='word_1_11' title='bbox 547 375 789 413; x_wconf 87' lang='lat' dir='ltr'>senatoribus</span> <span class='ocrx_word' id='word_1_12' title='bbox 822 387 938 424; x_wconf 80' lang='lat' dir='ltr'>quam</span> <span class='ocrx_word' id='word_1_13' title='bbox 959 374 1197 412; x_wconf 76' lang='lat' dir='ltr'>academiam</span> <span class='ocrx_word' id='word_1_14' title='bbox 1218 374 1479 421; x_wconf 75' lang='lat' dir='ltr'>laudaverim3</span> 
     </span>
     <span class='ocr_line' id='line_1_4' title="bbox 259 433 1480 484; baseline -0.002 -12"><span class='ocrx_word' id='word_1_15' title='bbox 259 439 376 484; x_wconf 86' lang='lat' dir='ltr'>atque</span> <span class='ocrx_word' id='word_1_16' title='bbox 396 435 577 472; x_wconf 87' lang='lat' dir='ltr'>nesciunt</span> <span class='ocrx_word' id='word_1_17' title='bbox 601 434 651 481; x_wconf 77' lang='lat' dir='ltr'>hi,</span> <span class='ocrx_word' id='word_1_18' title='bbox 679 447 794 483; x_wconf 83' lang='lat' dir='ltr'>quam</span> <span class='ocrx_word' id='word_1_19' title='bbox 822 434 928 471; x_wconf 87' lang='lat' dir='ltr'>urbis</span> <span class='ocrx_word' id='word_1_20' title='bbox 948 433 1236 482; x_wconf 81' lang='lat' dir='ltr'>magnificentia</span> <span class='ocrx_word' id='word_1_21' title='bbox 1254 433 1480 470; x_wconf 80' lang='lat' dir='ltr'>litterariam</span> 
     </span>
     <span class='ocr_line' id='line_1_5' title="bbox 260 492 1480 543; baseline -0.002 -12"><span class='ocrx_word' id='word_1_22' title='bbox 260 495 492 543; x_wconf 81' lang='lat' dir='ltr'>palaestram</span> <span class='ocrx_word' id='word_1_23' title='bbox 524 493 667 531; x_wconf 85' lang='lat' dir='ltr'>deceat.</span> <span class='ocrx_word' id='word_1_24' title='bbox 709 493 830 530; x_wconf 82' lang='lat' dir='ltr'>Vobis</span> <span class='ocrx_word' id='word_1_25' title='bbox 861 496 992 530; x_wconf 85' lang='lat' dir='ltr'>autem</span> <span class='ocrx_word' id='word_1_26' title='bbox 1024 493 1063 529; x_wconf 86' lang='lat' dir='ltr'>id</span> <span class='ocrx_word' id='word_1_27' title='bbox 1096 492 1268 530; x_wconf 88' lang='lat' dir='ltr'>muneris</span> <span class='ocrx_word' id='word_1_28' title='bbox 1298 496 1480 541; x_wconf 83' lang='lat' dir='ltr'>tanquam</span> 
     </span>
     <span class='ocr_line' id='line_1_6' title="bbox 217 551 1479 602; baseline 0 -14"><span class='ocrx_word' id='word_1_29' title='bbox 217 562 235 588; x_wconf 88' lang='lat'>5</span> <span class='ocrx_word' id='word_1_30' title='bbox 260 565 559 601; x_wconf 75' lang='lat' dir='ltr'>mnemosynum</span> <span class='ocrx_word' id='word_1_31' title='bbox 592 553 810 602; x_wconf 86' lang='lat' dir='ltr'>relinquere</span> <span class='ocrx_word' id='word_1_32' title='bbox 843 552 958 599; x_wconf 74' lang='lat' dir='ltr'>volui,</span> <span class='ocrx_word' id='word_1_33' title='bbox 998 556 1051 598; x_wconf 73' lang='lat' dir='ltr'>ut,</span> <span class='ocrx_word' id='word_1_34' title='bbox 1091 552 1123 589; x_wconf 85' lang='lat' dir='ltr'>si</span> <span class='ocrx_word' id='word_1_35' title='bbox 1155 553 1253 589; x_wconf 79' lang='lat' dir='ltr'>forte</span> <span class='ocrx_word' id='word_1_36' title='bbox 1285 551 1479 601; x_wconf 80' lang='lat' dir='ltr'>quispiam</span> 
     </span>
     <span class='ocr_line' id='line_1_7' title="bbox 259 610 1481 650; baseline -0.002 0"><span class='ocrx_word' id='word_1_37' title='bbox 259 612 433 650; x_wconf 81' lang='lat' dir='ltr'>nasutior</span> <span class='ocrx_word' id='word_1_38' title='bbox 470 612 717 650; x_wconf 82' lang='lat' dir='ltr'>cavillaretur</span> <span class='ocrx_word' id='word_1_39' title='bbox 755 624 816 649; x_wconf 87' lang='lat' dir='ltr'>me</span> <span class='ocrx_word' id='word_1_40' title='bbox 854 612 894 648; x_wconf 89' lang='lat' dir='ltr'>in</span> <span class='ocrx_word' id='word_1_41' title='bbox 925 611 1130 648; x_wconf 85' lang='lat' dir='ltr'>minutulis</span> <span class='ocrx_word' id='word_1_42' title='bbox 1162 611 1326 648; x_wconf 89' lang='lat' dir='ltr'>nimium</span> <span class='ocrx_word' id='word_1_43' title='bbox 1358 610 1481 648; x_wconf 78' lang='lat' dir='ltr'>fuisse</span> 
     </span>
     <span class='ocr_line' id='line_1_8' title="bbox 261 670 1482 718; baseline -0.002 -9"><span class='ocrx_word' id='word_1_44' title='bbox 261 672 477 718; x_wconf 80' lang='lat' dir='ltr'>curiosum,</span> <span class='ocrx_word' id='word_1_45' title='bbox 517 671 688 708; x_wconf 87' lang='lat' dir='ltr'>animum</span> <span class='ocrx_word' id='word_1_46' title='bbox 728 671 865 708; x_wconf 82' lang='lat' dir='ltr'>saltem</span> <span class='ocrx_word' id='word_1_47' title='bbox 897 682 1027 708; x_wconf 88' lang='lat' dir='ltr'>meum</span> <span class='ocrx_word' id='word_1_48' title='bbox 1061 670 1256 707; x_wconf 84' lang='lat' dir='ltr'>sincerum</span> <span class='ocrx_word' id='word_1_49' title='bbox 1289 682 1381 718; x_wconf 80' lang='lat' dir='ltr'>erga</span> <span class='ocrx_word' id='word_1_50' title='bbox 1412 682 1482 707; x_wconf 74' lang='lat' dir='ltr'>vos</span> 
     </span>
     <span class='ocr_line' id='line_1_9' title="bbox 260 729 1481 779; baseline -0.002 -11"><span class='ocrx_word' id='word_1_51' title='bbox 260 730 479 779; x_wconf 74' lang='lat' dir='ltr'>agnoscatis</span> <span class='ocrx_word' id='word_1_52' title='bbox 527 742 592 777; x_wconf 70' lang='lat' dir='ltr'>eo7</span> <span class='ocrx_word' id='word_1_53' title='bbox 637 730 740 779; x_wconf 83' lang='lat' dir='ltr'>quod</span> <span class='ocrx_word' id='word_1_54' title='bbox 783 730 821 767; x_wconf 89' lang='lat' dir='ltr'>in</span> <span class='ocrx_word' id='word_1_55' title='bbox 874 729 1043 767; x_wconf 87' lang='lat' dir='ltr'>minimis</span> <span class='ocrx_word' id='word_1_56' title='bbox 1093 742 1249 779; x_wconf 81' lang='lat' dir='ltr'>quoque</span> <span class='ocrx_word' id='word_1_57' title='bbox 1304 729 1481 766; x_wconf 86' lang='lat' dir='ltr'>nonnihil</span> 
     </span>
     <span class='ocr_line' id='line_1_10' title="bbox 260 788 1481 839; baseline -0.002 -12"><span class='ocrx_word' id='word_1_58' title='bbox 260 790 522 839; x_wconf 84' lang='lat' dir='ltr'>impensarum</span> <span class='ocrx_word' id='word_1_59' title='bbox 561 790 765 838; x_wconf 79' lang='lat' dir='ltr'>insumpsi.</span> <span class='ocrx_word' id='word_1_60' title='bbox 822 789 959 838; x_wconf 86' lang='lat' dir='ltr'>Neque</span> <span class='ocrx_word' id='word_1_61' title='bbox 991 801 1082 826; x_wconf 76' lang='lat' dir='ltr'>vero</span> <span class='ocrx_word' id='word_1_62' title='bbox 1114 789 1312 826; x_wconf 86' lang='lat' dir='ltr'>Maronem</span> <span class='ocrx_word' id='word_1_63' title='bbox 1352 788 1481 825; x_wconf 82' lang='lat' dir='ltr'>statim</span> 
     </span>
     <span class='ocr_line' id='line_1_11' title="bbox 202 848 1482 896; baseline 0.001 -13"><span class='ocrx_word' id='word_1_64' title='bbox 202 857 235 883; x_wconf 81' lang='lat'>10</span> <span class='ocrx_word' id='word_1_65' title='bbox 259 862 366 887; x_wconf 84' lang='lat' dir='ltr'>arma</span> <span class='ocrx_word' id='word_1_66' title='bbox 398 849 525 886; x_wconf 82' lang='lat' dir='ltr'>virum</span> <span class='ocrx_word' id='word_1_67' title='bbox 564 849 756 886; x_wconf 78' lang='lat' dir='ltr'>cecinisse</span> <span class='ocrx_word' id='word_1_68' title='bbox 795 852 965 886; x_wconf 78' lang='lat' dir='ltr'>constat:</span> <span class='ocrx_word' id='word_1_69' title='bbox 1004 852 1088 885; x_wconf 91' lang='lat' dir='ltr'>tum</span> <span class='ocrx_word' id='word_1_70' title='bbox 1126 848 1282 885; x_wconf 81' lang='lat' dir='ltr'>demum</span> <span class='ocrx_word' id='word_1_71' title='bbox 1314 848 1363 885; x_wconf 85' lang='lat' dir='ltr'>ad</span> <span class='ocrx_word' id='word_1_72' title='bbox 1395 860 1482 896; x_wconf 84' lang='lat' dir='ltr'>gra-</span> 
     </span>
     <span class='ocr_line' id='line_1_12' title="bbox 262 907 1482 955; baseline -0.002 -10"><span class='ocrx_word' id='word_1_73' title='bbox 262 908 368 945; x_wconf 85' lang='lat' dir='ltr'>viora</span> <span class='ocrx_word' id='word_1_74' title='bbox 398 908 571 945; x_wconf 85' lang='lat' dir='ltr'>animum</span> <span class='ocrx_word' id='word_1_75' title='bbox 604 908 731 955; x_wconf 75' lang='lat' dir='ltr'>flexit,</span> <span class='ocrx_word' id='word_1_76' title='bbox 767 920 857 945; x_wconf 90' lang='lat' dir='ltr'>cum</span> <span class='ocrx_word' id='word_1_77' title='bbox 889 909 1113 955; x_wconf 81' lang='lat' dir='ltr'>Augustum</span> <span class='ocrx_word' id='word_1_78' title='bbox 1146 911 1185 944; x_wconf 86' lang='lat' dir='ltr'>et</span> <span class='ocrx_word' id='word_1_79' title='bbox 1216 907 1482 945; x_wconf 74' lang='lat' dir='ltr'>Maecenatem</span> 
     </span>
    </p>
   </div>
   <div class='ocr_carea' id='block_1_3' title="bbox 260 966 1482 1064">
    <p class='ocr_par' dir='ltr' id='par_1_3' title="bbox 260 966 1482 1064">
     <span class='ocr_line' id='line_1_13' title="bbox 260 966 1482 1015; baseline -0.001 -11"><span class='ocrx_word' id='word_1_80' title='bbox 260 967 413 1005; x_wconf 85' lang='lat' dir='ltr'>felicius</span> <span class='ocrx_word' id='word_1_81' title='bbox 441 967 573 1005; x_wconf 87' lang='lat' dir='ltr'>sensit.</span> <span class='ocrx_word' id='word_1_82' title='bbox 606 967 755 1004; x_wconf 72' lang='lat' dir='ltr'>Valete.</span> <span class='ocrx_word' id='word_1_83' title='bbox 799 967 986 1014; x_wconf 81' lang='lat' dir='ltr'>Basileae,</span> <span class='ocrx_word' id='word_1_84' title='bbox 1017 966 1064 1003; x_wconf 86' lang='lat' dir='ltr'>K.</span> <span class='ocrx_word' id='word_1_85' title='bbox 1085 969 1185 1015; x_wconf 81' lang='lat' dir='ltr'>Aug.</span> <span class='ocrx_word' id='word_1_86' title='bbox 1205 978 1304 1003; x_wconf 82' lang='lat' dir='ltr'>anno</span> <span class='ocrx_word' id='word_1_87' title='bbox 1325 966 1482 1003; x_wconf 86' lang='lat' dir='ltr'>Domini</span> 
     </span>
     <span class='ocr_line' id='line_1_14' title="bbox 261 1026 426 1064; baseline 0 0"><span class='ocrx_word' id='word_1_88' title='bbox 261 1026 426 1064; x_wconf 83' lang='lat' dir='ltr'><strong>MDXV.</strong></span> 
     </span>
    </p>
   </div>
   <div class='ocr_carea' id='block_1_4' title="bbox 201 1286 1483 1680">
    <p class='ocr_par' dir='ltr' id='par_1_4' title="bbox 201 1286 1483 1478">
     <span class='ocr_line' id='line_1_15' title="bbox 201 1286 1447 1336; baseline 0.002 -16"><span class='ocrx_word' id='word_1_89' title='bbox 201 1293 281 1329; x_wconf 82' lang='lat' dir='ltr'>[a2b]</span> <span class='ocrx_word' id='word_1_90' title='bbox 313 1287 526 1336; x_wconf 87' lang='lat' dir='ltr'>Philippi</span> <span class='ocrx_word' id='word_1_91' title='bbox 556 1287 899 1336; x_wconf 83' lang='lat' dir='ltr'>Engelbrechti</span> <span class='ocrx_word' id='word_1_92' title='bbox 934 1286 1192 1335; x_wconf 79' lang='lat' dir='ltr'>Eugentini</span> <span class='ocrx_word' id='word_1_93' title='bbox 1225 1286 1447 1335; x_wconf 84' lang='lat' dir='ltr'>Epistula</span> 
     </span>
     <span class='ocr_line' id='line_1_16' title="bbox 260 1358 1483 1407; baseline -0.001 -12"><span class='ocrx_word' id='word_1_94' title='bbox 260 1358 637 1396; x_wconf 80' lang='lat' dir='ltr'>florentissimae</span> <span class='ocrx_word' id='word_1_95' title='bbox 659 1358 791 1396; x_wconf 87' lang='lat' dir='ltr'>urbis</span> <span class='ocrx_word' id='word_1_96' title='bbox 811 1358 1034 1407; x_wconf 82' lang='lat' dir='ltr'>Friburgi</span> <span class='ocrx_word' id='word_1_97' title='bbox 1060 1358 1181 1407; x_wconf 84' lang='lat' dir='ltr'>apud</span> <span class='ocrx_word' id='word_1_98' title='bbox 1204 1358 1483 1406; x_wconf 85' lang='lat' dir='ltr'>Brisgoicos</span> 
     </span>
     <span class='ocr_line' id='line_1_17' title="bbox 261 1429 1482 1478; baseline -0.001 -12"><span class='ocrx_word' id='word_1_99' title='bbox 261 1429 635 1478; x_wconf 80' lang='lat' dir='ltr'>descriptionem</span> <span class='ocrx_word' id='word_1_100' title='bbox 679 1429 1006 1478; x_wconf 85' lang='lat' dir='ltr'>complectens</span> <span class='ocrx_word' id='word_1_101' title='bbox 1046 1429 1101 1467; x_wconf 82' lang='lat' dir='ltr'>ad</span> <span class='ocrx_word' id='word_1_102' title='bbox 1142 1429 1482 1477; x_wconf 78' lang='lat' dir='ltr'>Hieronymum</span> 
     </span>
    </p>

    <p class='ocr_par' dir='ltr' id='par_1_5' title="bbox 351 1500 1381 1680">
     <span class='ocr_line' id='line_1_18' title="bbox 351 1500 1381 1550; baseline 0 -13"><span class='ocrx_word' id='word_1_103' title='bbox 351 1500 615 1538; x_wconf 89' lang='lat' dir='ltr'>Husaerum</span> <span class='ocrx_word' id='word_1_104' title='bbox 648 1501 1004 1546; x_wconf 69' lang='lat' dir='ltr'>Pludentinum,</span> <span class='ocrx_word' id='word_1_105' title='bbox 1036 1500 1381 1550; x_wconf 86' lang='lat' dir='ltr'>antiquitatum</span> 
     </span>
     <span class='ocr_line' id='line_1_19' title="bbox 476 1572 1263 1618; baseline 0.001 -10"><span class='ocrx_word' id='word_1_106' title='bbox 476 1572 903 1618; x_wconf 74' lang='lat' dir='ltr'>studiosissimum,</span> <span class='ocrx_word' id='word_1_107' title='bbox 936 1572 1024 1609; x_wconf 86' lang='lat' dir='ltr'>iam</span> <span class='ocrx_word' id='word_1_108' title='bbox 1056 1572 1209 1609; x_wconf 87' lang='lat' dir='ltr'>denuo</span> <span class='ocrx_word' id='word_1_109' title='bbox 1240 1584 1263 1609; x_wconf 88' lang='lat' dir='ltr'>a</span> 
     </span>
     <span class='ocr_line' id='line_1_20' title="bbox 635 1643 1100 1680; baseline 0.002 -1"><span class='ocrx_word' id='word_1_110' title='bbox 635 1643 816 1680; x_wconf 82' lang='lat' dir='ltr'>mendis</span> <span class='ocrx_word' id='word_1_111' title='bbox 847 1643 1100 1680; x_wconf 76' lang='lat' dir='ltr'>vindicata.</span> 
     </span>
    </p>
   </div>
   <div class='ocr_carea' id='block_1_5' title="bbox 205 1737 1379 2377">
    <p class='ocr_par' dir='ltr' id='par_1_6' title="bbox 205 1737 1379 2377">
     <span class='ocr_line' id='line_1_21' title="bbox 262 1737 1327 1786; baseline -0.002 -11"><span class='ocrx_word' id='word_1_112' title='bbox 262 1737 454 1776; x_wconf 86' lang='lat' dir='ltr'>Mittimus</span> <span class='ocrx_word' id='word_1_113' title='bbox 504 1742 672 1786; x_wconf 84' lang='lat' dir='ltr'>optatam</span> <span class='ocrx_word' id='word_1_114' title='bbox 716 1737 802 1784; x_wconf 79' lang='lat' dir='ltr'>tibi,</span> <span class='ocrx_word' id='word_1_115' title='bbox 853 1737 1104 1784; x_wconf 79' lang='lat' dir='ltr'>Pludentine⁷</span> <span class='ocrx_word' id='word_1_116' title='bbox 1150 1737 1327 1785; x_wconf 78' lang='lat' dir='ltr'>salutem⁷</span> 
     </span>
     <span class='ocr_line' id='line_1_22' title="bbox 323 1795 1242 1845; baseline 0 -12"><span class='ocrx_word' id='word_1_117' title='bbox 323 1795 447 1843; x_wconf 80' lang='lat' dir='ltr'>Quam</span> <span class='ocrx_word' id='word_1_118' title='bbox 479 1796 569 1834; x_wconf 87' lang='lat' dir='ltr'>dare</span> <span class='ocrx_word' id='word_1_119' title='bbox 601 1797 788 1845; x_wconf 81' lang='lat' dir='ltr'>principio</span> <span class='ocrx_word' id='word_1_120' title='bbox 820 1796 950 1834; x_wconf 83' lang='lat' dir='ltr'>littera</span> <span class='ocrx_word' id='word_1_121' title='bbox 982 1797 1101 1834; x_wconf 85' lang='lat' dir='ltr'>missa</span> <span class='ocrx_word' id='word_1_122' title='bbox 1133 1796 1242 1834; x_wconf 91' lang='lat' dir='ltr'>solet.</span> 
     </span>
     <span class='ocr_line' id='line_1_23' title="bbox 263 1855 1294 1905; baseline 0.001 -13"><span class='ocrx_word' id='word_1_123' title='bbox 263 1855 305 1893; x_wconf 83' lang='lat' dir='ltr'>Si</span> <span class='ocrx_word' id='word_1_124' title='bbox 336 1856 476 1893; x_wconf 85' lang='lat' dir='ltr'>melius</span> <span class='ocrx_word' id='word_1_125' title='bbox 509 1856 716 1905; x_wconf 85' lang='lat' dir='ltr'>quicquam</span> <span class='ocrx_word' id='word_1_126' title='bbox 748 1855 889 1904; x_wconf 83' lang='lat' dir='ltr'>cupido</span> <span class='ocrx_word' id='word_1_127' title='bbox 921 1860 1118 1905; x_wconf 83' lang='lat' dir='ltr'>praestare</span> <span class='ocrx_word' id='word_1_128' title='bbox 1149 1856 1294 1903; x_wconf 82' lang='lat' dir='ltr'>liceret⁷</span> 
     </span>
     <span class='ocr_line' id='line_1_24' title="bbox 323 1914 1134 1953; baseline 0.001 -2"><span class='ocrx_word' id='word_1_129' title='bbox 323 1914 446 1952; x_wconf 87' lang='lat' dir='ltr'>Maior</span> <span class='ocrx_word' id='word_1_130' title='bbox 475 1915 515 1951; x_wconf 90' lang='lat' dir='ltr'>in</span> <span class='ocrx_word' id='word_1_131' title='bbox 547 1915 715 1952; x_wconf 83' lang='lat' dir='ltr'>humana</span> <span class='ocrx_word' id='word_1_132' title='bbox 745 1915 967 1953; x_wconf 83' lang='lat' dir='ltr'>condicione</span> <span class='ocrx_word' id='word_1_133' title='bbox 999 1915 1134 1953; x_wconf 78' lang='lat' dir='ltr'>forem.</span> 
     </span>
     <span class='ocr_line' id='line_1_25' title="bbox 221 1973 1268 2023; baseline 0.001 -14"><span class='ocrx_word' id='word_1_134' title='bbox 221 1982 237 2008; x_wconf 85' lang='lat'>5</span> <span class='ocrx_word' id='word_1_135' title='bbox 263 1973 310 2011; x_wconf 87' lang='lat' dir='ltr'>Id</span> <span class='ocrx_word' id='word_1_136' title='bbox 341 1974 468 2011; x_wconf 76' lang='lat' dir='ltr'>tribuo</span> <span class='ocrx_word' id='word_1_137' title='bbox 499 1978 662 2020; x_wconf 81' lang='lat' dir='ltr'>tantum,</span> <span class='ocrx_word' id='word_1_138' title='bbox 695 1974 798 2023; x_wconf 84' lang='lat' dir='ltr'>quod</span> <span class='ocrx_word' id='word_1_139' title='bbox 829 1974 954 2011; x_wconf 79' lang='lat' dir='ltr'>flavus</span> <span class='ocrx_word' id='word_1_140' title='bbox 985 1974 1099 2012; x_wconf 84' lang='lat' dir='ltr'>iussit</span> <span class='ocrx_word' id='word_1_141' title='bbox 1131 1974 1268 2023; x_wconf 89' lang='lat' dir='ltr'>Apollo</span> 
     </span>
     <span class='ocr_line' id='line_1_26' title="bbox 321 2032 1232 2082; baseline 0 -12"><span class='ocrx_word' id='word_1_142' title='bbox 321 2032 373 2070; x_wconf 80' lang='lat' dir='ltr'>Et</span> <span class='ocrx_word' id='word_1_143' title='bbox 404 2033 508 2082; x_wconf 85' lang='lat' dir='ltr'>quod</span> <span class='ocrx_word' id='word_1_144' title='bbox 539 2033 662 2070; x_wconf 85' lang='lat' dir='ltr'>multa</span> <span class='ocrx_word' id='word_1_145' title='bbox 694 2033 778 2070; x_wconf 86' lang='lat' dir='ltr'>dies</span> <span class='ocrx_word' id='word_1_146' title='bbox 810 2033 875 2070; x_wconf 77' lang='lat' dir='ltr'>vix</span> <span class='ocrx_word' id='word_1_147' title='bbox 907 2033 1062 2071; x_wconf 85' lang='lat' dir='ltr'>abolere</span> <span class='ocrx_word' id='word_1_148' title='bbox 1093 2037 1232 2082; x_wconf 85' lang='lat' dir='ltr'>potest.</span> 
     </span>
     <span class='ocr_line' id='line_1_27' title="bbox 264 2091 1331 2141; baseline 0 -12"><span class='ocrx_word' id='word_1_149' title='bbox 264 2091 318 2129; x_wconf 89' lang='lat' dir='ltr'>Te</span> <span class='ocrx_word' id='word_1_150' title='bbox 361 2104 483 2141; x_wconf 87' lang='lat' dir='ltr'>penes</span> <span class='ocrx_word' id='word_1_151' title='bbox 526 2096 585 2129; x_wconf 88' lang='lat' dir='ltr'>est</span> <span class='ocrx_word' id='word_1_152' title='bbox 628 2092 724 2129; x_wconf 83' lang='lat' dir='ltr'>tanti</span> <span class='ocrx_word' id='word_1_153' title='bbox 768 2104 844 2129; x_wconf 88' lang='lat' dir='ltr'>non</span> <span class='ocrx_word' id='word_1_154' title='bbox 891 2092 1025 2129; x_wconf 82' lang='lat' dir='ltr'>infima</span> <span class='ocrx_word' id='word_1_155' title='bbox 1065 2093 1189 2141; x_wconf 82' lang='lat' dir='ltr'>gratia</span> <span class='ocrx_word' id='word_1_156' title='bbox 1229 2092 1331 2139; x_wconf 82' lang='lat' dir='ltr'>facti,</span> 
     </span>
     <span class='ocr_line' id='line_1_28' title="bbox 324 2149 1333 2200; baseline 0.001 -12"><span class='ocrx_word' id='word_1_157' title='bbox 324 2149 398 2198; x_wconf 85' lang='lat' dir='ltr'>Qui</span> <span class='ocrx_word' id='word_1_158' title='bbox 429 2152 535 2189; x_wconf 86' lang='lat' dir='ltr'>canis</span> <span class='ocrx_word' id='word_1_159' title='bbox 566 2151 616 2188; x_wconf 85' lang='lat' dir='ltr'>ad</span> <span class='ocrx_word' id='word_1_160' title='bbox 646 2151 798 2188; x_wconf 81' lang='lat' dir='ltr'>Latiam</span> <span class='ocrx_word' id='word_1_161' title='bbox 831 2152 1001 2189; x_wconf 85' lang='lat' dir='ltr'>carmina</span> <span class='ocrx_word' id='word_1_162' title='bbox 1033 2164 1148 2200; x_wconf 86' lang='lat' dir='ltr'>saepe</span> <span class='ocrx_word' id='word_1_163' title='bbox 1180 2151 1333 2189; x_wconf 88' lang='lat' dir='ltr'>chelim.</span> 
     </span>
     <span class='ocr_line' id='line_1_29' title="bbox 265 2209 1379 2260; baseline 0 -13"><span class='ocrx_word' id='word_1_164' title='bbox 265 2209 375 2257; x_wconf 82' lang='lat' dir='ltr'>Quod</span> <span class='ocrx_word' id='word_1_165' title='bbox 430 2211 564 2248; x_wconf 83' lang='lat' dir='ltr'>taedas</span> <span class='ocrx_word' id='word_1_166' title='bbox 620 2210 712 2247; x_wconf 87' lang='lat' dir='ltr'>olim</span> <span class='ocrx_word' id='word_1_167' title='bbox 773 2214 985 2260; x_wconf 85' lang='lat' dir='ltr'>pacataque</span> <span class='ocrx_word' id='word_1_168' title='bbox 1033 2211 1200 2248; x_wconf 89' lang='lat' dir='ltr'>lusimus</span> <span class='ocrx_word' id='word_1_169' title='bbox 1261 2223 1379 2258; x_wconf 73' lang='lat' dir='ltr'>arma,</span> 
     </span>
     <span class='ocr_line' id='line_1_30' title="bbox 205 2269 1131 2307; baseline 0.003 -3"><span class='ocrx_word' id='word_1_170' title='bbox 205 2277 239 2303; x_wconf 81' lang='lat'>10</span> <span class='ocrx_word' id='word_1_171' title='bbox 324 2269 548 2307; x_wconf 79' lang='lat' dir='ltr'>Commovet</span> <span class='ocrx_word' id='word_1_172' title='bbox 578 2269 695 2306; x_wconf 84' lang='lat' dir='ltr'>iratas</span> <span class='ocrx_word' id='word_1_173' title='bbox 727 2281 777 2306; x_wconf 86' lang='lat' dir='ltr'>ex</span> <span class='ocrx_word' id='word_1_174' title='bbox 809 2269 995 2307; x_wconf 88' lang='lat' dir='ltr'>Helicone</span> <span class='ocrx_word' id='word_1_175' title='bbox 1026 2270 1131 2307; x_wconf 84' lang='lat' dir='ltr'>deas.</span> 
     </span>
     <span class='ocr_line' id='line_1_31' title="bbox 263 2327 1295 2377; baseline 0.001 -12"><span class='ocrx_word' id='word_1_176' title='bbox 263 2327 367 2376; x_wconf 85' lang='lat' dir='ltr'>Ergo</span> <span class='ocrx_word' id='word_1_177' title='bbox 399 2329 473 2366; x_wconf 86' lang='lat' dir='ltr'>erit</span> <span class='ocrx_word' id='word_1_178' title='bbox 503 2328 714 2377; x_wconf 86' lang='lat' dir='ltr'>hospitium</span> <span class='ocrx_word' id='word_1_179' title='bbox 746 2340 821 2366; x_wconf 89' lang='lat' dir='ltr'>non</span> <span class='ocrx_word' id='word_1_180' title='bbox 853 2333 964 2366; x_wconf 84' lang='lat' dir='ltr'>extra</span> <span class='ocrx_word' id='word_1_181' title='bbox 995 2329 1127 2366; x_wconf 87' lang='lat' dir='ltr'>limina</span> <span class='ocrx_word' id='word_1_182' title='bbox 1158 2329 1295 2376; x_wconf 80' lang='lat' dir='ltr'>Musis,</span> 
     </span>
    </p>
   </div>
  </div>
 </body>
</html>
