1640 2650
554 198 810 232 ENGENvas,
841 196 1087 223 mmmmm.
1410 184 1431 220 ss
1440 194 1461 220 o

303 319 357 357 Vt
386 319 566 365 referam,
598 320 762 366 praesta,
796 315 1002 364 Calliopea,
1035 314 1144 352 mihi.

243 379 342 417 Cum
375 378 504 415 visum
537 376 631 414 satis
662 380 722 414 est
752 375 874 412 altum
907 374 1081 412 erexisse
1112 373 1357 421 Friburgum,

303 437 410 476 Inter
440 436 575 474 felices
606 435 701 473 urbs
732 433 992 480 memoranda,
1025 437 1153 482 caput⁷

244 496 410 535 Pestifer
441 495 650 533 indomitos
681 498 842 532 externa
873 493 913 530 in
944 492 1060 530 corda
1092 493 1243 530 furores

174 564 226 591 190
303 555 530 594 Transfudit
560 554 659 591 livor
690 553 969 602 vipereumque
1000 551 1158 589 malum.

247 615 447 653 Cimmerii
479 613 658 652 stimulos
690 624 826 650 omnes
858 612 932 649 dea
963 615 1084 649 taetra
1116 622 1294 648 recessus

305 673 469 712 Addidit
499 678 539 711 et
569 673 674 710 vires
706 672 782 709 huc
814 671 904 709 tulit
934 670 1024 708 iude
1056 682 1158 708 suas.

247 733 406 772 Scilicet
448 731 615 781 impellit
657 731 854 768 malesana
898 729 1039 779 cupido
1083 730 1229 767 feroces

306 793 361 830 Vt
393 795 579 842 quaerant
610 790 759 829 animos
791 790 884 827 ditia
916 801 1035 838 regna
1067 789 1152 827 sibi.

182 861 233 887 195
255 859 332 894 [h3a]
360 851 543 889 Protinus
574 850 614 887 in
646 849 794 887 socium
826 849 979 899 quaerit
1011 848 1175 886 Catilina
1208 848 1436 897 Cethegum,

308 910 481 960 Quisque
514 909 588 947 sibi
619 909 735 947 tacito
767 913 921 958 pectore
953 908 1057 945 dicta
1088 907 1243 957 premit.

249 970 348 1009 Cum
410 970 467 1007 sic
528 968 712 1007 conlectis
780 968 952 1017 loquitur
1018 967 1146 1004 fatalis
1207 966 1351 1014 Erinys

309 1028 572 1079 Complicibus
604 1027 784 1077 quatiens
815 1039 941 1076 angue
973 1030 1163 1064 tremente
1194 1030 1329 1075 eaput:

250 1088 319 1126 ‘En
380 1100 452 1137 age
513 1087 646 1125 civiles
713 1087 867 1125 iamiam
931 1085 1156 1123 contundite
1217 1086 1342 1123 fastus

174 1157 230 1183 200
307 1147 359 1186 Et
389 1147 514 1193 facite,
547 1151 591 1185 ut
622 1146 731 1184 vobis
763 1146 846 1184 iura
878 1157 1014 1183 severa
1045 1144 1202 1183 cadant!

249 1207 419 1245 Adliciat
467 1207 593 1244 fessos
642 1205 793 1243 animos
837 1204 1027 1254 capienda
1071 1204 1269 1253 voluptas:

309 1266 433 1304 Dulce
463 1266 537 1304 erit
568 1265 607 1302 in
638 1265 756 1303 tantis
788 1264 987 1302 luxuriare
1018 1263 1138 1301 bonis.

251 1325 410 1364 Scilicet
439 1325 537 1363 haec
567 1328 688 1362 restat
719 1328 938 1362 vestrorum
970 1327 1073 1360 meta
1106 1323 1289 1365 laborum,

308 1385 392 1423 Hoc
423 1384 549 1422 virtus
580 1395 705 1433 aequa
734 1384 833 1421 forte
864 1382 1011 1420 iuvabit
1041 1382 1124 1420 iter.

145 1474 156 1485 ,
174 1453 230 1480 205
250 1444 418 1482 Audebit
466 1455 580 1481 nemo
623 1448 774 1481 vestras
817 1442 1062 1491 confringere
1112 1445 1272 1488 turmas,

309 1503 528 1540 Praestabit
558 1502 683 1540 victas
715 1502 881 1552 quisque
914 1505 1052 1550 suapte
1084 1513 1234 1538 manus.

252 1562 327 1600 Sed
359 1562 514 1600 differre
546 1565 669 1608 nocet7
701 1573 773 1599 nec
806 1561 880 1598 erit
912 1573 1019 1598 mora
1048 1560 1172 1598 libera
1202 1560 1330 1597 vobis:

310 1620 403 1658 Mox
434 1621 548 1669 agite7
579 1620 619 1657 in
652 1626 782 1658 sontes
813 1632 923 1658 arma
951 1624 1086 1669 parate
1119 1619 1254 1658 viros1⁷

251 1680 325 1718 His
356 1681 439 1718 fera
470 1679 696 1729 Tisyphone
728 1679 845 1717 dictis
877 1683 977 1717 rotat
1007 1691 1133 1727 angue
1166 1678 1302 1716 solutis

176 1748 232 1775 210
311 1739 493 1777 Crinibus
523 1739 755 1777 horriferum
788 1742 925 1788 terque
957 1742 1172 1788 quaterque
1203 1742 1322 1787 caput

252 1798 496 1848 Immisitque
544 1804 671 1836 atrum
716 1798 828 1846 nigro
869 1810 959 1835 cum
1002 1797 1092 1835 felle
1136 1809 1331 1835 venenum

311 1858 406 1895 Post
436 1857 531 1895 abiit
562 1857 666 1895 diras
699 1858 770 1895 sub
802 1857 1102 1906 Phlegethontis
1133 1868 1264 1906 aquas.

252 1916 339 1954 Non
382 1916 495 1954 aliter
537 1916 674 1954 tacitae
718 1916 931 1965 flagrarunt
974 1922 1132 1966 pectora
1175 1916 1311 1954 turbae

313 1975 484 2014 Conatus
515 1975 616 2013 furia
647 1976 703 2013 sic
735 1975 958 2013 stimulante
989 1975 1124 2022 malos,

178 2043 234 2070 215
253 2036 309 2073 Ac
341 2035 375 2073 si
406 2035 494 2085 quis
525 2035 677 2072 levibus
708 2034 929 2072 Vulcanum
962 2035 1101 2072 subdat
1131 2034 1262 2072 aristis

311 2094 437 2144 Inque
469 2095 568 2132 ferat
598 2094 735 2131 rutilas
767 2094 874 2131 arida
905 2098 1005 2132 tecta
1036 2094 1153 2132 faces.

180 2161 263 2196 [b3b]
278 2152 449 2203 Tempus
482 2158 575 2201 erat,
607 2165 684 2202 quo
715 2153 959 2201 Phillyriden
990 2152 1168 2191 intonsus
1200 2152 1339 2202 Apollo

313 2212 437 2250 Intrat
468 2217 506 2250 et
536 2213 577 2249 in
608 2212 763 2250 brevius
795 2218 969 2262 tempora
1001 2212 1101 2250 lucis
1133 2212 1226 2260 agit,

254 2271 414 2309 Institor
443 2271 622 2321 implevit
652 2271 767 2310 variis
800 2284 889 2309 cum
921 2272 1116 2309 mercibus
1148 2271 1294 2316 urbem7

180 2338 236 2365 220
314 2330 592 2380 Empturisque
623 2334 730 2379 patet
760 2335 869 2380 porta
900 2330 1121 2380 quibusque
1155 2330 1266 2367 viris:

255 2408 319 2436 Lat.
339 2409 617 2436 Litteraturdenkm.
633 2409 676 2436 12.
1236 2411 1256 2443 5
